%YAML 1.1
%TAG !u! tag:unity3d.com,2011:
--- !u!1 &2631179120108603616
GameObject:
  m_ObjectHideFlags: 0
  m_CorrespondingSourceObject: {fileID: 0}
  m_PrefabInstance: {fileID: 0}
  m_PrefabAsset: {fileID: 0}
  serializedVersion: 6
  m_Component:
  - component: {fileID: 8457119719220339222}
  m_Layer: 0
  m_Name: DeadBush_Small
  m_TagString: Untagged
  m_Icon: {fileID: 0}
  m_NavMeshLayer: 0
  m_StaticEditorFlags: 0
  m_IsActive: 1
--- !u!4 &8457119719220339222
Transform:
  m_ObjectHideFlags: 0
  m_CorrespondingSourceObject: {fileID: 0}
  m_PrefabInstance: {fileID: 0}
  m_PrefabAsset: {fileID: 0}
  m_GameObject: {fileID: 2631179120108603616}
  m_LocalRotation: {x: 0, y: 0, z: 0, w: 1}
  m_LocalPosition: {x: 10.459612, y: -111.051346, z: 179.35422}
  m_LocalScale: {x: 1, y: 1, z: 1}
  m_Children:
  - {fileID: 4948007692669603214}
  - {fileID: 4043429361625115505}
  - {fileID: 6325417922431287654}
  - {fileID: 9839226817823829}
  - {fileID: 329100858503574787}
  - {fileID: 3664612648664046225}
  - {fileID: 2678407976700094828}
  m_Father: {fileID: 0}
  m_RootOrder: 0
  m_LocalEulerAnglesHint: {x: 0, y: 0, z: 0}
--- !u!1001 &2780018980977389154
PrefabInstance:
  m_ObjectHideFlags: 0
  serializedVersion: 2
  m_Modification:
    m_TransformParent: {fileID: 8457119719220339222}
    m_Modifications:
    - target: {fileID: 5118239023042583831, guid: debffdf12cc0e1c45926a84d7523e69f,
        type: 3}
      propertyPath: m_Name
      value: DeadBush_Single (2)
      objectReference: {fileID: 0}
    - target: {fileID: 8168679384755482372, guid: debffdf12cc0e1c45926a84d7523e69f,
        type: 3}
      propertyPath: m_LocalPosition.x
      value: 3.547
      objectReference: {fileID: 0}
    - target: {fileID: 8168679384755482372, guid: debffdf12cc0e1c45926a84d7523e69f,
        type: 3}
      propertyPath: m_LocalPosition.y
      value: 111.07308
      objectReference: {fileID: 0}
    - target: {fileID: 8168679384755482372, guid: debffdf12cc0e1c45926a84d7523e69f,
        type: 3}
      propertyPath: m_LocalPosition.z
      value: -82.349
      objectReference: {fileID: 0}
    - target: {fileID: 8168679384755482372, guid: debffdf12cc0e1c45926a84d7523e69f,
        type: 3}
      propertyPath: m_LocalRotation.x
      value: -0.77160656
      objectReference: {fileID: 0}
    - target: {fileID: 8168679384755482372, guid: debffdf12cc0e1c45926a84d7523e69f,
        type: 3}
      propertyPath: m_LocalRotation.y
      value: 0.59253794
      objectReference: {fileID: 0}
    - target: {fileID: 8168679384755482372, guid: debffdf12cc0e1c45926a84d7523e69f,
        type: 3}
      propertyPath: m_LocalRotation.z
      value: 0.23128277
      objectReference: {fileID: 0}
    - target: {fileID: 8168679384755482372, guid: debffdf12cc0e1c45926a84d7523e69f,
        type: 3}
      propertyPath: m_LocalRotation.w
      value: 0.0055177175
      objectReference: {fileID: 0}
    - target: {fileID: 8168679384755482372, guid: debffdf12cc0e1c45926a84d7523e69f,
        type: 3}
      propertyPath: m_RootOrder
      value: 2
      objectReference: {fileID: 0}
    - target: {fileID: 8168679384755482372, guid: debffdf12cc0e1c45926a84d7523e69f,
        type: 3}
      propertyPath: m_LocalEulerAnglesHint.x
      value: -16.416
      objectReference: {fileID: 0}
    - target: {fileID: 8168679384755482372, guid: debffdf12cc0e1c45926a84d7523e69f,
        type: 3}
      propertyPath: m_LocalEulerAnglesHint.y
      value: 247.551
      objectReference: {fileID: 0}
    - target: {fileID: 8168679384755482372, guid: debffdf12cc0e1c45926a84d7523e69f,
        type: 3}
      propertyPath: m_LocalEulerAnglesHint.z
      value: -108.08301
      objectReference: {fileID: 0}
    - target: {fileID: 8168679384755482372, guid: debffdf12cc0e1c45926a84d7523e69f,
        type: 3}
      propertyPath: m_LocalScale.x
      value: 9.281806
      objectReference: {fileID: 0}
    - target: {fileID: 8168679384755482372, guid: debffdf12cc0e1c45926a84d7523e69f,
        type: 3}
      propertyPath: m_LocalScale.y
      value: 5.4762473
      objectReference: {fileID: 0}
    - target: {fileID: 8168679384755482372, guid: debffdf12cc0e1c45926a84d7523e69f,
        type: 3}
      propertyPath: m_LocalScale.z
      value: 5.7673454
      objectReference: {fileID: 0}
    m_RemovedComponents: []
  m_SourcePrefab: {fileID: 100100000, guid: debffdf12cc0e1c45926a84d7523e69f, type: 3}
--- !u!4 &6325417922431287654 stripped
Transform:
  m_CorrespondingSourceObject: {fileID: 8168679384755482372, guid: debffdf12cc0e1c45926a84d7523e69f,
    type: 3}
  m_PrefabInstance: {fileID: 2780018980977389154}
  m_PrefabAsset: {fileID: 0}
--- !u!1001 &3888330895292162698
PrefabInstance:
  m_ObjectHideFlags: 0
  serializedVersion: 2
  m_Modification:
    m_TransformParent: {fileID: 8457119719220339222}
    m_Modifications:
    - target: {fileID: 5118239023042583831, guid: debffdf12cc0e1c45926a84d7523e69f,
        type: 3}
      propertyPath: m_Name
      value: DeadBush_Single
      objectReference: {fileID: 0}
    - target: {fileID: 8168679384755482372, guid: debffdf12cc0e1c45926a84d7523e69f,
        type: 3}
      propertyPath: m_LocalPosition.x
      value: 3.5569086
      objectReference: {fileID: 0}
    - target: {fileID: 8168679384755482372, guid: debffdf12cc0e1c45926a84d7523e69f,
        type: 3}
      propertyPath: m_LocalPosition.y
      value: 111.07308
      objectReference: {fileID: 0}
    - target: {fileID: 8168679384755482372, guid: debffdf12cc0e1c45926a84d7523e69f,
        type: 3}
      propertyPath: m_LocalPosition.z
      value: -81.9951
      objectReference: {fileID: 0}
    - target: {fileID: 8168679384755482372, guid: debffdf12cc0e1c45926a84d7523e69f,
        type: 3}
      propertyPath: m_LocalRotation.x
      value: -0.77160656
      objectReference: {fileID: 0}
    - target: {fileID: 8168679384755482372, guid: debffdf12cc0e1c45926a84d7523e69f,
        type: 3}
      propertyPath: m_LocalRotation.y
      value: 0.59253794
      objectReference: {fileID: 0}
    - target: {fileID: 8168679384755482372, guid: debffdf12cc0e1c45926a84d7523e69f,
        type: 3}
      propertyPath: m_LocalRotation.z
      value: 0.23128277
      objectReference: {fileID: 0}
    - target: {fileID: 8168679384755482372, guid: debffdf12cc0e1c45926a84d7523e69f,
        type: 3}
      propertyPath: m_LocalRotation.w
      value: 0.0055177175
      objectReference: {fileID: 0}
    - target: {fileID: 8168679384755482372, guid: debffdf12cc0e1c45926a84d7523e69f,
        type: 3}
      propertyPath: m_RootOrder
      value: 0
      objectReference: {fileID: 0}
    - target: {fileID: 8168679384755482372, guid: debffdf12cc0e1c45926a84d7523e69f,
        type: 3}
      propertyPath: m_LocalEulerAnglesHint.x
      value: -16.416
      objectReference: {fileID: 0}
    - target: {fileID: 8168679384755482372, guid: debffdf12cc0e1c45926a84d7523e69f,
        type: 3}
      propertyPath: m_LocalEulerAnglesHint.y
      value: 247.551
      objectReference: {fileID: 0}
    - target: {fileID: 8168679384755482372, guid: debffdf12cc0e1c45926a84d7523e69f,
        type: 3}
      propertyPath: m_LocalEulerAnglesHint.z
      value: -108.08301
      objectReference: {fileID: 0}
    - target: {fileID: 8168679384755482372, guid: debffdf12cc0e1c45926a84d7523e69f,
        type: 3}
      propertyPath: m_LocalScale.x
      value: 9.281806
      objectReference: {fileID: 0}
    - target: {fileID: 8168679384755482372, guid: debffdf12cc0e1c45926a84d7523e69f,
        type: 3}
      propertyPath: m_LocalScale.y
      value: 5.4762473
      objectReference: {fileID: 0}
    - target: {fileID: 8168679384755482372, guid: debffdf12cc0e1c45926a84d7523e69f,
        type: 3}
      propertyPath: m_LocalScale.z
      value: 5.7673454
      objectReference: {fileID: 0}
    m_RemovedComponents: []
  m_SourcePrefab: {fileID: 100100000, guid: debffdf12cc0e1c45926a84d7523e69f, type: 3}
--- !u!4 &4948007692669603214 stripped
Transform:
  m_CorrespondingSourceObject: {fileID: 8168679384755482372, guid: debffdf12cc0e1c45926a84d7523e69f,
    type: 3}
  m_PrefabInstance: {fileID: 3888330895292162698}
  m_PrefabAsset: {fileID: 0}
--- !u!1001 &4866046313880237461
PrefabInstance:
  m_ObjectHideFlags: 0
  serializedVersion: 2
  m_Modification:
    m_TransformParent: {fileID: 8457119719220339222}
    m_Modifications:
    - target: {fileID: 5118239023042583831, guid: debffdf12cc0e1c45926a84d7523e69f,
        type: 3}
      propertyPath: m_Name
      value: DeadBush_Single (5)
      objectReference: {fileID: 0}
    - target: {fileID: 8168679384755482372, guid: debffdf12cc0e1c45926a84d7523e69f,
        type: 3}
      propertyPath: m_LocalPosition.x
      value: 3.221
      objectReference: {fileID: 0}
    - target: {fileID: 8168679384755482372, guid: debffdf12cc0e1c45926a84d7523e69f,
        type: 3}
      propertyPath: m_LocalPosition.y
      value: 111.07308
      objectReference: {fileID: 0}
    - target: {fileID: 8168679384755482372, guid: debffdf12cc0e1c45926a84d7523e69f,
        type: 3}
      propertyPath: m_LocalPosition.z
      value: -82.407
      objectReference: {fileID: 0}
    - target: {fileID: 8168679384755482372, guid: debffdf12cc0e1c45926a84d7523e69f,
        type: 3}
      propertyPath: m_LocalRotation.x
      value: -0.77160656
      objectReference: {fileID: 0}
    - target: {fileID: 8168679384755482372, guid: debffdf12cc0e1c45926a84d7523e69f,
        type: 3}
      propertyPath: m_LocalRotation.y
      value: 0.59253794
      objectReference: {fileID: 0}
    - target: {fileID: 8168679384755482372, guid: debffdf12cc0e1c45926a84d7523e69f,
        type: 3}
      propertyPath: m_LocalRotation.z
      value: 0.23128277
      objectReference: {fileID: 0}
    - target: {fileID: 8168679384755482372, guid: debffdf12cc0e1c45926a84d7523e69f,
        type: 3}
      propertyPath: m_LocalRotation.w
      value: 0.0055177175
      objectReference: {fileID: 0}
    - target: {fileID: 8168679384755482372, guid: debffdf12cc0e1c45926a84d7523e69f,
        type: 3}
      propertyPath: m_RootOrder
      value: 5
      objectReference: {fileID: 0}
    - target: {fileID: 8168679384755482372, guid: debffdf12cc0e1c45926a84d7523e69f,
        type: 3}
      propertyPath: m_LocalEulerAnglesHint.x
      value: -16.416
      objectReference: {fileID: 0}
    - target: {fileID: 8168679384755482372, guid: debffdf12cc0e1c45926a84d7523e69f,
        type: 3}
      propertyPath: m_LocalEulerAnglesHint.y
      value: 247.551
      objectReference: {fileID: 0}
    - target: {fileID: 8168679384755482372, guid: debffdf12cc0e1c45926a84d7523e69f,
        type: 3}
      propertyPath: m_LocalEulerAnglesHint.z
      value: -108.08301
      objectReference: {fileID: 0}
    - target: {fileID: 8168679384755482372, guid: debffdf12cc0e1c45926a84d7523e69f,
        type: 3}
      propertyPath: m_LocalScale.x
      value: 9.281806
      objectReference: {fileID: 0}
    - target: {fileID: 8168679384755482372, guid: debffdf12cc0e1c45926a84d7523e69f,
        type: 3}
      propertyPath: m_LocalScale.y
      value: 5.4762473
      objectReference: {fileID: 0}
    - target: {fileID: 8168679384755482372, guid: debffdf12cc0e1c45926a84d7523e69f,
        type: 3}
      propertyPath: m_LocalScale.z
      value: 5.7673454
      objectReference: {fileID: 0}
    m_RemovedComponents: []
  m_SourcePrefab: {fileID: 100100000, guid: debffdf12cc0e1c45926a84d7523e69f, type: 3}
--- !u!4 &3664612648664046225 stripped
Transform:
  m_CorrespondingSourceObject: {fileID: 8168679384755482372, guid: debffdf12cc0e1c45926a84d7523e69f,
    type: 3}
  m_PrefabInstance: {fileID: 4866046313880237461}
  m_PrefabAsset: {fileID: 0}
--- !u!1001 &5278745472874611829
PrefabInstance:
  m_ObjectHideFlags: 0
  serializedVersion: 2
  m_Modification:
    m_TransformParent: {fileID: 8457119719220339222}
    m_Modifications:
    - target: {fileID: 5118239023042583831, guid: debffdf12cc0e1c45926a84d7523e69f,
        type: 3}
      propertyPath: m_Name
      value: DeadBush_Single (1)
      objectReference: {fileID: 0}
    - target: {fileID: 8168679384755482372, guid: debffdf12cc0e1c45926a84d7523e69f,
        type: 3}
      propertyPath: m_LocalPosition.x
      value: 3.92
      objectReference: {fileID: 0}
    - target: {fileID: 8168679384755482372, guid: debffdf12cc0e1c45926a84d7523e69f,
        type: 3}
      propertyPath: m_LocalPosition.y
      value: 111.07308
      objectReference: {fileID: 0}
    - target: {fileID: 8168679384755482372, guid: debffdf12cc0e1c45926a84d7523e69f,
        type: 3}
      propertyPath: m_LocalPosition.z
      value: -82.246
      objectReference: {fileID: 0}
    - target: {fileID: 8168679384755482372, guid: debffdf12cc0e1c45926a84d7523e69f,
        type: 3}
      propertyPath: m_LocalRotation.x
      value: -0.77160656
      objectReference: {fileID: 0}
    - target: {fileID: 8168679384755482372, guid: debffdf12cc0e1c45926a84d7523e69f,
        type: 3}
      propertyPath: m_LocalRotation.y
      value: 0.59253794
      objectReference: {fileID: 0}
    - target: {fileID: 8168679384755482372, guid: debffdf12cc0e1c45926a84d7523e69f,
        type: 3}
      propertyPath: m_LocalRotation.z
      value: 0.23128277
      objectReference: {fileID: 0}
    - target: {fileID: 8168679384755482372, guid: debffdf12cc0e1c45926a84d7523e69f,
        type: 3}
      propertyPath: m_LocalRotation.w
      value: 0.0055177175
      objectReference: {fileID: 0}
    - target: {fileID: 8168679384755482372, guid: debffdf12cc0e1c45926a84d7523e69f,
        type: 3}
      propertyPath: m_RootOrder
      value: 1
      objectReference: {fileID: 0}
    - target: {fileID: 8168679384755482372, guid: debffdf12cc0e1c45926a84d7523e69f,
        type: 3}
      propertyPath: m_LocalEulerAnglesHint.x
      value: -16.416
      objectReference: {fileID: 0}
    - target: {fileID: 8168679384755482372, guid: debffdf12cc0e1c45926a84d7523e69f,
        type: 3}
      propertyPath: m_LocalEulerAnglesHint.y
      value: 247.551
      objectReference: {fileID: 0}
    - target: {fileID: 8168679384755482372, guid: debffdf12cc0e1c45926a84d7523e69f,
        type: 3}
      propertyPath: m_LocalEulerAnglesHint.z
      value: -108.08301
      objectReference: {fileID: 0}
    - target: {fileID: 8168679384755482372, guid: debffdf12cc0e1c45926a84d7523e69f,
        type: 3}
      propertyPath: m_LocalScale.x
      value: 9.281806
      objectReference: {fileID: 0}
    - target: {fileID: 8168679384755482372, guid: debffdf12cc0e1c45926a84d7523e69f,
        type: 3}
      propertyPath: m_LocalScale.y
      value: 5.4762473
      objectReference: {fileID: 0}
    - target: {fileID: 8168679384755482372, guid: debffdf12cc0e1c45926a84d7523e69f,
        type: 3}
      propertyPath: m_LocalScale.z
      value: 5.7673454
      objectReference: {fileID: 0}
    m_RemovedComponents: []
  m_SourcePrefab: {fileID: 100100000, guid: debffdf12cc0e1c45926a84d7523e69f, type: 3}
--- !u!4 &4043429361625115505 stripped
Transform:
  m_CorrespondingSourceObject: {fileID: 8168679384755482372, guid: debffdf12cc0e1c45926a84d7523e69f,
    type: 3}
  m_PrefabInstance: {fileID: 5278745472874611829}
  m_PrefabAsset: {fileID: 0}
--- !u!1001 &6086446962542904936
PrefabInstance:
  m_ObjectHideFlags: 0
  serializedVersion: 2
  m_Modification:
    m_TransformParent: {fileID: 8457119719220339222}
    m_Modifications:
    - target: {fileID: 5118239023042583831, guid: debffdf12cc0e1c45926a84d7523e69f,
        type: 3}
      propertyPath: m_Name
      value: DeadBush_Single (6)
      objectReference: {fileID: 0}
    - target: {fileID: 8168679384755482372, guid: debffdf12cc0e1c45926a84d7523e69f,
        type: 3}
      propertyPath: m_LocalPosition.x
      value: 3.186
      objectReference: {fileID: 0}
    - target: {fileID: 8168679384755482372, guid: debffdf12cc0e1c45926a84d7523e69f,
        type: 3}
      propertyPath: m_LocalPosition.y
      value: 111.07308
      objectReference: {fileID: 0}
    - target: {fileID: 8168679384755482372, guid: debffdf12cc0e1c45926a84d7523e69f,
        type: 3}
      propertyPath: m_LocalPosition.z
      value: -82.016
      objectReference: {fileID: 0}
    - target: {fileID: 8168679384755482372, guid: debffdf12cc0e1c45926a84d7523e69f,
        type: 3}
      propertyPath: m_LocalRotation.x
      value: -0.77160656
      objectReference: {fileID: 0}
    - target: {fileID: 8168679384755482372, guid: debffdf12cc0e1c45926a84d7523e69f,
        type: 3}
      propertyPath: m_LocalRotation.y
      value: 0.59253794
      objectReference: {fileID: 0}
    - target: {fileID: 8168679384755482372, guid: debffdf12cc0e1c45926a84d7523e69f,
        type: 3}
      propertyPath: m_LocalRotation.z
      value: 0.23128277
      objectReference: {fileID: 0}
    - target: {fileID: 8168679384755482372, guid: debffdf12cc0e1c45926a84d7523e69f,
        type: 3}
      propertyPath: m_LocalRotation.w
      value: 0.0055177175
      objectReference: {fileID: 0}
    - target: {fileID: 8168679384755482372, guid: debffdf12cc0e1c45926a84d7523e69f,
        type: 3}
      propertyPath: m_RootOrder
      value: 6
      objectReference: {fileID: 0}
    - target: {fileID: 8168679384755482372, guid: debffdf12cc0e1c45926a84d7523e69f,
        type: 3}
      propertyPath: m_LocalEulerAnglesHint.x
      value: -16.416
      objectReference: {fileID: 0}
    - target: {fileID: 8168679384755482372, guid: debffdf12cc0e1c45926a84d7523e69f,
        type: 3}
      propertyPath: m_LocalEulerAnglesHint.y
      value: 247.551
      objectReference: {fileID: 0}
    - target: {fileID: 8168679384755482372, guid: debffdf12cc0e1c45926a84d7523e69f,
        type: 3}
      propertyPath: m_LocalEulerAnglesHint.z
      value: -108.08301
      objectReference: {fileID: 0}
    - target: {fileID: 8168679384755482372, guid: debffdf12cc0e1c45926a84d7523e69f,
        type: 3}
      propertyPath: m_LocalScale.x
      value: 9.281806
      objectReference: {fileID: 0}
    - target: {fileID: 8168679384755482372, guid: debffdf12cc0e1c45926a84d7523e69f,
        type: 3}
      propertyPath: m_LocalScale.y
      value: 5.4762473
      objectReference: {fileID: 0}
    - target: {fileID: 8168679384755482372, guid: debffdf12cc0e1c45926a84d7523e69f,
        type: 3}
      propertyPath: m_LocalScale.z
      value: 5.7673454
      objectReference: {fileID: 0}
    m_RemovedComponents: []
  m_SourcePrefab: {fileID: 100100000, guid: debffdf12cc0e1c45926a84d7523e69f, type: 3}
--- !u!4 &2678407976700094828 stripped
Transform:
  m_CorrespondingSourceObject: {fileID: 8168679384755482372, guid: debffdf12cc0e1c45926a84d7523e69f,
    type: 3}
  m_PrefabInstance: {fileID: 6086446962542904936}
  m_PrefabAsset: {fileID: 0}
--- !u!1001 &8177989536018557777
PrefabInstance:
  m_ObjectHideFlags: 0
  serializedVersion: 2
  m_Modification:
    m_TransformParent: {fileID: 8457119719220339222}
    m_Modifications:
    - target: {fileID: 5118239023042583831, guid: debffdf12cc0e1c45926a84d7523e69f,
        type: 3}
      propertyPath: m_Name
      value: DeadBush_Single (3)
      objectReference: {fileID: 0}
    - target: {fileID: 8168679384755482372, guid: debffdf12cc0e1c45926a84d7523e69f,
        type: 3}
      propertyPath: m_LocalPosition.x
      value: 3.862
      objectReference: {fileID: 0}
    - target: {fileID: 8168679384755482372, guid: debffdf12cc0e1c45926a84d7523e69f,
        type: 3}
      propertyPath: m_LocalPosition.y
      value: 111.07308
      objectReference: {fileID: 0}
    - target: {fileID: 8168679384755482372, guid: debffdf12cc0e1c45926a84d7523e69f,
        type: 3}
      propertyPath: m_LocalPosition.z
      value: -82.623
      objectReference: {fileID: 0}
    - target: {fileID: 8168679384755482372, guid: debffdf12cc0e1c45926a84d7523e69f,
        type: 3}
      propertyPath: m_LocalRotation.x
      value: -0.77160656
      objectReference: {fileID: 0}
    - target: {fileID: 8168679384755482372, guid: debffdf12cc0e1c45926a84d7523e69f,
        type: 3}
      propertyPath: m_LocalRotation.y
      value: 0.59253794
      objectReference: {fileID: 0}
    - target: {fileID: 8168679384755482372, guid: debffdf12cc0e1c45926a84d7523e69f,
        type: 3}
      propertyPath: m_LocalRotation.z
      value: 0.23128277
      objectReference: {fileID: 0}
    - target: {fileID: 8168679384755482372, guid: debffdf12cc0e1c45926a84d7523e69f,
        type: 3}
      propertyPath: m_LocalRotation.w
      value: 0.0055177175
      objectReference: {fileID: 0}
    - target: {fileID: 8168679384755482372, guid: debffdf12cc0e1c45926a84d7523e69f,
        type: 3}
      propertyPath: m_RootOrder
      value: 3
      objectReference: {fileID: 0}
    - target: {fileID: 8168679384755482372, guid: debffdf12cc0e1c45926a84d7523e69f,
        type: 3}
      propertyPath: m_LocalEulerAnglesHint.x
      value: -16.416
      objectReference: {fileID: 0}
    - target: {fileID: 8168679384755482372, guid: debffdf12cc0e1c45926a84d7523e69f,
        type: 3}
      propertyPath: m_LocalEulerAnglesHint.y
      value: 247.551
      objectReference: {fileID: 0}
    - target: {fileID: 8168679384755482372, guid: debffdf12cc0e1c45926a84d7523e69f,
        type: 3}
      propertyPath: m_LocalEulerAnglesHint.z
      value: -108.08301
      objectReference: {fileID: 0}
    - target: {fileID: 8168679384755482372, guid: debffdf12cc0e1c45926a84d7523e69f,
        type: 3}
      propertyPath: m_LocalScale.x
      value: 9.281806
      objectReference: {fileID: 0}
    - target: {fileID: 8168679384755482372, guid: debffdf12cc0e1c45926a84d7523e69f,
        type: 3}
      propertyPath: m_LocalScale.y
      value: 5.4762473
      objectReference: {fileID: 0}
    - target: {fileID: 8168679384755482372, guid: debffdf12cc0e1c45926a84d7523e69f,
        type: 3}
      propertyPath: m_LocalScale.z
      value: 5.7673454
      objectReference: {fileID: 0}
    m_RemovedComponents: []
  m_SourcePrefab: {fileID: 100100000, guid: debffdf12cc0e1c45926a84d7523e69f, type: 3}
--- !u!4 &9839226817823829 stripped
Transform:
  m_CorrespondingSourceObject: {fileID: 8168679384755482372, guid: debffdf12cc0e1c45926a84d7523e69f,
    type: 3}
  m_PrefabInstance: {fileID: 8177989536018557777}
  m_PrefabAsset: {fileID: 0}
--- !u!1001 &8488662846270970375
PrefabInstance:
  m_ObjectHideFlags: 0
  serializedVersion: 2
  m_Modification:
    m_TransformParent: {fileID: 8457119719220339222}
    m_Modifications:
    - target: {fileID: 5118239023042583831, guid: debffdf12cc0e1c45926a84d7523e69f,
        type: 3}
      propertyPath: m_Name
      value: DeadBush_Single (4)
      objectReference: {fileID: 0}
    - target: {fileID: 8168679384755482372, guid: debffdf12cc0e1c45926a84d7523e69f,
        type: 3}
      propertyPath: m_LocalPosition.x
      value: 3.547
      objectReference: {fileID: 0}
    - target: {fileID: 8168679384755482372, guid: debffdf12cc0e1c45926a84d7523e69f,
        type: 3}
      propertyPath: m_LocalPosition.y
      value: 111.07308
      objectReference: {fileID: 0}
    - target: {fileID: 8168679384755482372, guid: debffdf12cc0e1c45926a84d7523e69f,
        type: 3}
      propertyPath: m_LocalPosition.z
      value: -82.663
      objectReference: {fileID: 0}
    - target: {fileID: 8168679384755482372, guid: debffdf12cc0e1c45926a84d7523e69f,
        type: 3}
      propertyPath: m_LocalRotation.x
      value: -0.77160656
      objectReference: {fileID: 0}
    - target: {fileID: 8168679384755482372, guid: debffdf12cc0e1c45926a84d7523e69f,
        type: 3}
      propertyPath: m_LocalRotation.y
      value: 0.59253794
      objectReference: {fileID: 0}
    - target: {fileID: 8168679384755482372, guid: debffdf12cc0e1c45926a84d7523e69f,
        type: 3}
      propertyPath: m_LocalRotation.z
      value: 0.23128277
      objectReference: {fileID: 0}
    - target: {fileID: 8168679384755482372, guid: debffdf12cc0e1c45926a84d7523e69f,
        type: 3}
      propertyPath: m_LocalRotation.w
      value: 0.0055177175
      objectReference: {fileID: 0}
    - target: {fileID: 8168679384755482372, guid: debffdf12cc0e1c45926a84d7523e69f,
        type: 3}
      propertyPath: m_RootOrder
      value: 4
      objectReference: {fileID: 0}
    - target: {fileID: 8168679384755482372, guid: debffdf12cc0e1c45926a84d7523e69f,
        type: 3}
      propertyPath: m_LocalEulerAnglesHint.x
      value: -16.416
      objectReference: {fileID: 0}
    - target: {fileID: 8168679384755482372, guid: debffdf12cc0e1c45926a84d7523e69f,
        type: 3}
      propertyPath: m_LocalEulerAnglesHint.y
      value: 247.551
      objectReference: {fileID: 0}
    - target: {fileID: 8168679384755482372, guid: debffdf12cc0e1c45926a84d7523e69f,
        type: 3}
      propertyPath: m_LocalEulerAnglesHint.z
      value: -108.08301
      objectReference: {fileID: 0}
    - target: {fileID: 8168679384755482372, guid: debffdf12cc0e1c45926a84d7523e69f,
        type: 3}
      propertyPath: m_LocalScale.x
      value: 9.281806
      objectReference: {fileID: 0}
    - target: {fileID: 8168679384755482372, guid: debffdf12cc0e1c45926a84d7523e69f,
        type: 3}
      propertyPath: m_LocalScale.y
      value: 5.4762473
      objectReference: {fileID: 0}
    - target: {fileID: 8168679384755482372, guid: debffdf12cc0e1c45926a84d7523e69f,
        type: 3}
      propertyPath: m_LocalScale.z
      value: 5.7673454
      objectReference: {fileID: 0}
    m_RemovedComponents: []
  m_SourcePrefab: {fileID: 100100000, guid: debffdf12cc0e1c45926a84d7523e69f, type: 3}
--- !u!4 &329100858503574787 stripped
Transform:
  m_CorrespondingSourceObject: {fileID: 8168679384755482372, guid: debffdf12cc0e1c45926a84d7523e69f,
    type: 3}
  m_PrefabInstance: {fileID: 8488662846270970375}
  m_PrefabAsset: {fileID: 0}
