%YAML 1.1
%TAG !u! tag:unity3d.com,2011:
--- !u!1 &731612513449728096
GameObject:
  m_ObjectHideFlags: 0
  m_CorrespondingSourceObject: {fileID: 0}
  m_PrefabInstance: {fileID: 0}
  m_PrefabAsset: {fileID: 0}
  serializedVersion: 6
  m_Component:
  - component: {fileID: 731612513449728097}
  - component: {fileID: 7726459284354211578}
  - component: {fileID: 2517683447161245203}
  - component: {fileID: 4872361201074292831}
  - component: {fileID: 392539859527785942}
  m_Layer: 18
  m_Name: Breakable Planks
  m_TagString: Untagged
  m_Icon: {fileID: 0}
  m_NavMeshLayer: 0
  m_StaticEditorFlags: 0
  m_IsActive: 1
--- !u!4 &731612513449728097
Transform:
  m_ObjectHideFlags: 0
  m_CorrespondingSourceObject: {fileID: 0}
  m_PrefabInstance: {fileID: 0}
  m_PrefabAsset: {fileID: 0}
  m_GameObject: {fileID: 731612513449728096}
  m_LocalRotation: {x: 0, y: 0, z: 0, w: 1}
  m_LocalPosition: {x: 0, y: 0, z: 0}
  m_LocalScale: {x: 1, y: 1, z: 1}
  m_Children:
  - {fileID: 546344303426960873}
  - {fileID: 546344302321269923}
  - {fileID: 546344303728744614}
  - {fileID: 546344302730698679}
  - {fileID: 546344303451176130}
  - {fileID: 546344302650176905}
  - {fileID: 546344302106349509}
  - {fileID: 546344303381220166}
  - {fileID: 546344302236756462}
  - {fileID: 546344302735923857}
  - {fileID: 546344302447883970}
  - {fileID: 546344303245740740}
  - {fileID: 546344302621614677}
  - {fileID: 546344303994791048}
  m_Father: {fileID: 0}
  m_RootOrder: 0
  m_LocalEulerAnglesHint: {x: 0, y: 0, z: 0}
--- !u!114 &7726459284354211578
MonoBehaviour:
  m_ObjectHideFlags: 0
  m_CorrespondingSourceObject: {fileID: 0}
  m_PrefabInstance: {fileID: 0}
  m_PrefabAsset: {fileID: 0}
  m_GameObject: {fileID: 731612513449728096}
  m_Enabled: 1
  m_EditorHideFlags: 0
  m_Script: {fileID: 11500000, guid: 0592cae35ddf4e42831f9b34fbba6776, type: 3}
  m_Name: 
  m_EditorClassIdentifier: 
  sound: {fileID: 4872361201074292831}
  collider: {fileID: 2517683447161245203}
  trigger: {fileID: 392539859527785942}
--- !u!65 &2517683447161245203
BoxCollider:
  m_ObjectHideFlags: 0
  m_CorrespondingSourceObject: {fileID: 0}
  m_PrefabInstance: {fileID: 0}
  m_PrefabAsset: {fileID: 0}
  m_GameObject: {fileID: 731612513449728096}
  m_Material: {fileID: 0}
  m_IsTrigger: 0
  m_Enabled: 1
  serializedVersion: 2
  m_Size: {x: 0.24, y: 1.93, z: 4.9}
  m_Center: {x: 0, y: 0, z: 0}
--- !u!82 &4872361201074292831
AudioSource:
  m_ObjectHideFlags: 0
  m_CorrespondingSourceObject: {fileID: 0}
  m_PrefabInstance: {fileID: 0}
  m_PrefabAsset: {fileID: 0}
  m_GameObject: {fileID: 731612513449728096}
  m_Enabled: 1
  serializedVersion: 4
  OutputAudioMixerGroup: {fileID: 6285655184626557064, guid: e11a1fdbd8f797b4d9b54a5747b95fc9,
    type: 2}
  m_audioClip: {fileID: 0}
  m_PlayOnAwake: 1
  m_Volume: 1
  m_Pitch: 1
  Loop: 0
  Mute: 0
  Spatialize: 0
  SpatializePostEffects: 0
  Priority: 128
  DopplerLevel: 1
  MinDistance: 1
  MaxDistance: 500
  Pan2D: 0
  rolloffMode: 0
  BypassEffects: 0
  BypassListenerEffects: 0
  BypassReverbZones: 0
  rolloffCustomCurve:
    serializedVersion: 2
    m_Curve:
    - serializedVersion: 3
      time: 0
      value: 1
      inSlope: 0
      outSlope: 0
      tangentMode: 0
      weightedMode: 0
      inWeight: 0.33333334
      outWeight: 0.33333334
    - serializedVersion: 3
      time: 1
      value: 0
      inSlope: 0
      outSlope: 0
      tangentMode: 0
      weightedMode: 0
      inWeight: 0.33333334
      outWeight: 0.33333334
    m_PreInfinity: 2
    m_PostInfinity: 2
    m_RotationOrder: 4
  panLevelCustomCurve:
    serializedVersion: 2
    m_Curve:
    - serializedVersion: 3
      time: 0
      value: 0
      inSlope: 0
      outSlope: 0
      tangentMode: 0
      weightedMode: 0
      inWeight: 0.33333334
      outWeight: 0.33333334
    m_PreInfinity: 2
    m_PostInfinity: 2
    m_RotationOrder: 4
  spreadCustomCurve:
    serializedVersion: 2
    m_Curve:
    - serializedVersion: 3
      time: 0
      value: 0
      inSlope: 0
      outSlope: 0
      tangentMode: 0
      weightedMode: 0
      inWeight: 0.33333334
      outWeight: 0.33333334
    m_PreInfinity: 2
    m_PostInfinity: 2
    m_RotationOrder: 4
  reverbZoneMixCustomCurve:
    serializedVersion: 2
    m_Curve:
    - serializedVersion: 3
      time: 0
      value: 1
      inSlope: 0
      outSlope: 0
      tangentMode: 0
      weightedMode: 0
      inWeight: 0.33333334
      outWeight: 0.33333334
    m_PreInfinity: 2
    m_PostInfinity: 2
    m_RotationOrder: 4
--- !u!65 &392539859527785942
BoxCollider:
  m_ObjectHideFlags: 0
  m_CorrespondingSourceObject: {fileID: 0}
  m_PrefabInstance: {fileID: 0}
  m_PrefabAsset: {fileID: 0}
  m_GameObject: {fileID: 731612513449728096}
  m_Material: {fileID: 0}
  m_IsTrigger: 1
  m_Enabled: 1
  serializedVersion: 2
  m_Size: {x: 0.84, y: 1.93, z: 4.9}
  m_Center: {x: 0, y: 0, z: 0}
--- !u!54 &8325475614447180798
Rigidbody:
  m_ObjectHideFlags: 0
  m_CorrespondingSourceObject: {fileID: 0}
  m_PrefabInstance: {fileID: 0}
  m_PrefabAsset: {fileID: 0}
  m_GameObject: {fileID: 3588903702411979445}
  serializedVersion: 2
  m_Mass: 1
  m_Drag: 0
  m_AngularDrag: 0.05
  m_UseGravity: 1
  m_IsKinematic: 1
  m_Interpolate: 0
  m_Constraints: 0
  m_CollisionDetection: 0
--- !u!54 &8554446986074412013
Rigidbody:
  m_ObjectHideFlags: 0
  m_CorrespondingSourceObject: {fileID: 0}
  m_PrefabInstance: {fileID: 0}
  m_PrefabAsset: {fileID: 0}
  m_GameObject: {fileID: 3588903702678476443}
  serializedVersion: 2
  m_Mass: 1
  m_Drag: 0
  m_AngularDrag: 0.05
  m_UseGravity: 1
  m_IsKinematic: 1
  m_Interpolate: 0
  m_Constraints: 0
  m_CollisionDetection: 0
--- !u!54 &4396624498349982252
Rigidbody:
  m_ObjectHideFlags: 0
  m_CorrespondingSourceObject: {fileID: 0}
  m_PrefabInstance: {fileID: 0}
  m_PrefabAsset: {fileID: 0}
  m_GameObject: {fileID: 3588903702885546199}
  serializedVersion: 2
  m_Mass: 1
  m_Drag: 0
  m_AngularDrag: 0.05
  m_UseGravity: 1
  m_IsKinematic: 1
  m_Interpolate: 0
  m_Constraints: 0
  m_CollisionDetection: 0
--- !u!54 &8731056561949607839
Rigidbody:
  m_ObjectHideFlags: 0
  m_CorrespondingSourceObject: {fileID: 0}
  m_PrefabInstance: {fileID: 0}
  m_PrefabAsset: {fileID: 0}
  m_GameObject: {fileID: 3588903703225372369}
  serializedVersion: 2
  m_Mass: 1
  m_Drag: 0
  m_AngularDrag: 0.05
  m_UseGravity: 1
  m_IsKinematic: 1
  m_Interpolate: 0
  m_Constraints: 0
  m_CollisionDetection: 0
--- !u!54 &5166981733501308742
Rigidbody:
  m_ObjectHideFlags: 0
  m_CorrespondingSourceObject: {fileID: 0}
  m_PrefabInstance: {fileID: 0}
  m_PrefabAsset: {fileID: 0}
  m_GameObject: {fileID: 3588903703249457146}
  serializedVersion: 2
  m_Mass: 1
  m_Drag: 0
  m_AngularDrag: 0.05
  m_UseGravity: 1
  m_IsKinematic: 1
  m_Interpolate: 0
  m_Constraints: 0
  m_CollisionDetection: 0
--- !u!54 &7978569221506725407
Rigidbody:
  m_ObjectHideFlags: 0
  m_CorrespondingSourceObject: {fileID: 0}
  m_PrefabInstance: {fileID: 0}
  m_PrefabAsset: {fileID: 0}
  m_GameObject: {fileID: 3588903703287855445}
  serializedVersion: 2
  m_Mass: 1
  m_Drag: 0
  m_AngularDrag: 0.05
  m_UseGravity: 1
  m_IsKinematic: 1
  m_Interpolate: 0
  m_Constraints: 0
  m_CollisionDetection: 0
--- !u!54 &4430171083351936414
Rigidbody:
  m_ObjectHideFlags: 0
  m_CorrespondingSourceObject: {fileID: 0}
  m_PrefabInstance: {fileID: 0}
  m_PrefabAsset: {fileID: 0}
  m_GameObject: {fileID: 3588903703399426178}
  serializedVersion: 2
  m_Mass: 1
  m_Drag: 0
  m_AngularDrag: 0.05
  m_UseGravity: 1
  m_IsKinematic: 1
  m_Interpolate: 0
  m_Constraints: 0
  m_CollisionDetection: 0
--- !u!54 &1153605082378201257
Rigidbody:
  m_ObjectHideFlags: 0
  m_CorrespondingSourceObject: {fileID: 0}
  m_PrefabInstance: {fileID: 0}
  m_PrefabAsset: {fileID: 0}
  m_GameObject: {fileID: 3588903703408848292}
  serializedVersion: 2
  m_Mass: 1
  m_Drag: 0
  m_AngularDrag: 0.05
  m_UseGravity: 1
  m_IsKinematic: 1
  m_Interpolate: 0
  m_Constraints: 0
  m_CollisionDetection: 0
--- !u!54 &1960524841089098907
Rigidbody:
  m_ObjectHideFlags: 0
  m_CorrespondingSourceObject: {fileID: 0}
  m_PrefabInstance: {fileID: 0}
  m_PrefabAsset: {fileID: 0}
  m_GameObject: {fileID: 3588903703481108378}
  serializedVersion: 2
  m_Mass: 1
  m_Drag: 0
  m_AngularDrag: 0.05
  m_UseGravity: 1
  m_IsKinematic: 1
  m_Interpolate: 0
  m_Constraints: 0
  m_CollisionDetection: 0
--- !u!54 &2357082176622925456
Rigidbody:
  m_ObjectHideFlags: 0
  m_CorrespondingSourceObject: {fileID: 0}
  m_PrefabInstance: {fileID: 0}
  m_PrefabAsset: {fileID: 0}
  m_GameObject: {fileID: 3588903703518056518}
  serializedVersion: 2
  m_Mass: 1
  m_Drag: 0
  m_AngularDrag: 0.05
  m_UseGravity: 1
  m_IsKinematic: 1
  m_Interpolate: 0
  m_Constraints: 0
  m_CollisionDetection: 0
--- !u!54 &684744858420896347
Rigidbody:
  m_ObjectHideFlags: 0
  m_CorrespondingSourceObject: {fileID: 0}
  m_PrefabInstance: {fileID: 0}
  m_PrefabAsset: {fileID: 0}
  m_GameObject: {fileID: 3588903703907113981}
  serializedVersion: 2
  m_Mass: 1
  m_Drag: 0
  m_AngularDrag: 0.05
  m_UseGravity: 1
  m_IsKinematic: 1
  m_Interpolate: 0
  m_Constraints: 0
  m_CollisionDetection: 0
--- !u!54 &646511133586969996
Rigidbody:
  m_ObjectHideFlags: 0
  m_CorrespondingSourceObject: {fileID: 0}
  m_PrefabInstance: {fileID: 0}
  m_PrefabAsset: {fileID: 0}
  m_GameObject: {fileID: 3588903704025988566}
  serializedVersion: 2
  m_Mass: 1
  m_Drag: 0
  m_AngularDrag: 0.05
  m_UseGravity: 1
  m_IsKinematic: 1
  m_Interpolate: 0
  m_Constraints: 0
  m_CollisionDetection: 0
--- !u!54 &6445894353919781516
Rigidbody:
  m_ObjectHideFlags: 0
  m_CorrespondingSourceObject: {fileID: 0}
  m_PrefabInstance: {fileID: 0}
  m_PrefabAsset: {fileID: 0}
  m_GameObject: {fileID: 3588903704232723665}
  serializedVersion: 2
  m_Mass: 1
  m_Drag: 0
  m_AngularDrag: 0.05
  m_UseGravity: 1
  m_IsKinematic: 1
  m_Interpolate: 0
  m_Constraints: 0
  m_CollisionDetection: 0
--- !u!54 &6636258298413390847
Rigidbody:
  m_ObjectHideFlags: 0
  m_CorrespondingSourceObject: {fileID: 0}
  m_PrefabInstance: {fileID: 0}
  m_PrefabAsset: {fileID: 0}
  m_GameObject: {fileID: 3588903704360390320}
  serializedVersion: 2
  m_Mass: 1
  m_Drag: 0
  m_AngularDrag: 0.05
  m_UseGravity: 1
  m_IsKinematic: 1
  m_Interpolate: 0
  m_Constraints: 0
  m_CollisionDetection: 0
--- !u!1001 &731612511946992024
PrefabInstance:
  m_ObjectHideFlags: 0
  serializedVersion: 2
  m_Modification:
    m_TransformParent: {fileID: 731612513449728097}
    m_Modifications:
    - target: {fileID: 986909044172000528, guid: c3a3c0a6ea5139146a41d01f0a09863a,
        type: 3}
      propertyPath: m_LocalPosition.x
      value: -0.059999153
      objectReference: {fileID: 0}
    - target: {fileID: 986909044172000528, guid: c3a3c0a6ea5139146a41d01f0a09863a,
        type: 3}
      propertyPath: m_LocalPosition.y
      value: 0.26378253
      objectReference: {fileID: 0}
    - target: {fileID: 986909044172000528, guid: c3a3c0a6ea5139146a41d01f0a09863a,
        type: 3}
      propertyPath: m_LocalPosition.z
      value: 1.4509995
      objectReference: {fileID: 0}
    - target: {fileID: 986909044172000528, guid: c3a3c0a6ea5139146a41d01f0a09863a,
        type: 3}
      propertyPath: m_LocalRotation.x
      value: -0.05045765
      objectReference: {fileID: 0}
    - target: {fileID: 986909044172000528, guid: c3a3c0a6ea5139146a41d01f0a09863a,
        type: 3}
      propertyPath: m_LocalRotation.y
      value: 0.70530427
      objectReference: {fileID: 0}
    - target: {fileID: 986909044172000528, guid: c3a3c0a6ea5139146a41d01f0a09863a,
        type: 3}
      propertyPath: m_LocalRotation.z
      value: -0.050457638
      objectReference: {fileID: 0}
    - target: {fileID: 986909044172000528, guid: c3a3c0a6ea5139146a41d01f0a09863a,
        type: 3}
      propertyPath: m_LocalRotation.w
      value: 0.70530427
      objectReference: {fileID: 0}
    - target: {fileID: 986909044172000528, guid: c3a3c0a6ea5139146a41d01f0a09863a,
        type: 3}
      propertyPath: m_RootOrder
      value: 13
      objectReference: {fileID: 0}
    - target: {fileID: 986909044172000528, guid: c3a3c0a6ea5139146a41d01f0a09863a,
        type: 3}
      propertyPath: m_LocalEulerAnglesHint.x
      value: 0
      objectReference: {fileID: 0}
    - target: {fileID: 986909044172000528, guid: c3a3c0a6ea5139146a41d01f0a09863a,
        type: 3}
      propertyPath: m_LocalEulerAnglesHint.y
      value: 90.00001
      objectReference: {fileID: 0}
    - target: {fileID: 986909044172000528, guid: c3a3c0a6ea5139146a41d01f0a09863a,
        type: 3}
      propertyPath: m_LocalEulerAnglesHint.z
      value: -8.184
      objectReference: {fileID: 0}
    - target: {fileID: 986909044172000528, guid: c3a3c0a6ea5139146a41d01f0a09863a,
        type: 3}
      propertyPath: m_LocalScale.x
      value: 88.62237
      objectReference: {fileID: 0}
    - target: {fileID: 986909044172000528, guid: c3a3c0a6ea5139146a41d01f0a09863a,
        type: 3}
      propertyPath: m_LocalScale.y
      value: 52.263
      objectReference: {fileID: 0}
    - target: {fileID: 986909044172000528, guid: c3a3c0a6ea5139146a41d01f0a09863a,
        type: 3}
      propertyPath: m_LocalScale.z
      value: 52.263
      objectReference: {fileID: 0}
    - target: {fileID: 2137595661256283532, guid: c3a3c0a6ea5139146a41d01f0a09863a,
        type: 3}
      propertyPath: sound
      value: 
      objectReference: {fileID: 0}
    - target: {fileID: 4317101921411858179, guid: c3a3c0a6ea5139146a41d01f0a09863a,
        type: 3}
      propertyPath: m_Name
      value: stage1-Plank_model_V2_light (3)
      objectReference: {fileID: 0}
    - target: {fileID: 4317101921411858179, guid: c3a3c0a6ea5139146a41d01f0a09863a,
        type: 3}
      propertyPath: m_Layer
      value: 18
      objectReference: {fileID: 0}
    - target: {fileID: 6997775314517860226, guid: c3a3c0a6ea5139146a41d01f0a09863a,
        type: 3}
      propertyPath: m_Enabled
      value: 0
      objectReference: {fileID: 0}
    - target: {fileID: 8136089404729014054, guid: c3a3c0a6ea5139146a41d01f0a09863a,
        type: 3}
      propertyPath: m_Mesh
      value: 
      objectReference: {fileID: -5495902117074765545, guid: 02e5131ce65b6d0419e144693901c120,
        type: 3}
    m_RemovedComponents:
    - {fileID: 1665987552805678472, guid: c3a3c0a6ea5139146a41d01f0a09863a, type: 3}
    - {fileID: 2137595661256283532, guid: c3a3c0a6ea5139146a41d01f0a09863a, type: 3}
  m_SourcePrefab: {fileID: 100100000, guid: c3a3c0a6ea5139146a41d01f0a09863a, type: 3}
--- !u!1 &3588903702678476443 stripped
GameObject:
  m_CorrespondingSourceObject: {fileID: 4317101921411858179, guid: c3a3c0a6ea5139146a41d01f0a09863a,
    type: 3}
  m_PrefabInstance: {fileID: 731612511946992024}
  m_PrefabAsset: {fileID: 0}
--- !u!4 &546344303994791048 stripped
Transform:
  m_CorrespondingSourceObject: {fileID: 986909044172000528, guid: c3a3c0a6ea5139146a41d01f0a09863a,
    type: 3}
  m_PrefabInstance: {fileID: 731612511946992024}
  m_PrefabAsset: {fileID: 0}
--- !u!1001 &731612512213095862
PrefabInstance:
  m_ObjectHideFlags: 0
  serializedVersion: 2
  m_Modification:
    m_TransformParent: {fileID: 731612513449728097}
    m_Modifications:
    - target: {fileID: 986909044172000528, guid: c3a3c0a6ea5139146a41d01f0a09863a,
        type: 3}
      propertyPath: m_LocalPosition.x
      value: 0.071001366
      objectReference: {fileID: 0}
    - target: {fileID: 986909044172000528, guid: c3a3c0a6ea5139146a41d01f0a09863a,
        type: 3}
      propertyPath: m_LocalPosition.y
      value: 0.21220401
      objectReference: {fileID: 0}
    - target: {fileID: 986909044172000528, guid: c3a3c0a6ea5139146a41d01f0a09863a,
        type: 3}
      propertyPath: m_LocalPosition.z
      value: -1.2852261
      objectReference: {fileID: 0}
    - target: {fileID: 986909044172000528, guid: c3a3c0a6ea5139146a41d01f0a09863a,
        type: 3}
      propertyPath: m_LocalRotation.x
      value: 0.122701004
      objectReference: {fileID: 0}
    - target: {fileID: 986909044172000528, guid: c3a3c0a6ea5139146a41d01f0a09863a,
        type: 3}
      propertyPath: m_LocalRotation.y
      value: 0.69637954
      objectReference: {fileID: 0}
    - target: {fileID: 986909044172000528, guid: c3a3c0a6ea5139146a41d01f0a09863a,
        type: 3}
      propertyPath: m_LocalRotation.z
      value: 0.12270102
      objectReference: {fileID: 0}
    - target: {fileID: 986909044172000528, guid: c3a3c0a6ea5139146a41d01f0a09863a,
        type: 3}
      propertyPath: m_LocalRotation.w
      value: 0.69637954
      objectReference: {fileID: 0}
    - target: {fileID: 986909044172000528, guid: c3a3c0a6ea5139146a41d01f0a09863a,
        type: 3}
      propertyPath: m_RootOrder
      value: 2
      objectReference: {fileID: 0}
    - target: {fileID: 986909044172000528, guid: c3a3c0a6ea5139146a41d01f0a09863a,
        type: 3}
      propertyPath: m_LocalEulerAnglesHint.x
      value: 0
      objectReference: {fileID: 0}
    - target: {fileID: 986909044172000528, guid: c3a3c0a6ea5139146a41d01f0a09863a,
        type: 3}
      propertyPath: m_LocalEulerAnglesHint.y
      value: 90.00001
      objectReference: {fileID: 0}
    - target: {fileID: 986909044172000528, guid: c3a3c0a6ea5139146a41d01f0a09863a,
        type: 3}
      propertyPath: m_LocalEulerAnglesHint.z
      value: 19.986
      objectReference: {fileID: 0}
    - target: {fileID: 986909044172000528, guid: c3a3c0a6ea5139146a41d01f0a09863a,
        type: 3}
      propertyPath: m_LocalScale.x
      value: 88.62237
      objectReference: {fileID: 0}
    - target: {fileID: 986909044172000528, guid: c3a3c0a6ea5139146a41d01f0a09863a,
        type: 3}
      propertyPath: m_LocalScale.y
      value: 52.263
      objectReference: {fileID: 0}
    - target: {fileID: 986909044172000528, guid: c3a3c0a6ea5139146a41d01f0a09863a,
        type: 3}
      propertyPath: m_LocalScale.z
      value: 52.262997
      objectReference: {fileID: 0}
    - target: {fileID: 2137595661256283532, guid: c3a3c0a6ea5139146a41d01f0a09863a,
        type: 3}
      propertyPath: sound
      value: 
      objectReference: {fileID: 0}
    - target: {fileID: 4317101921411858179, guid: c3a3c0a6ea5139146a41d01f0a09863a,
        type: 3}
      propertyPath: m_Name
      value: stage1-Plank_model_V2_light (13)
      objectReference: {fileID: 0}
    - target: {fileID: 4317101921411858179, guid: c3a3c0a6ea5139146a41d01f0a09863a,
        type: 3}
      propertyPath: m_StaticEditorFlags
      value: 1
      objectReference: {fileID: 0}
    - target: {fileID: 4317101921411858179, guid: c3a3c0a6ea5139146a41d01f0a09863a,
        type: 3}
      propertyPath: m_Layer
      value: 18
      objectReference: {fileID: 0}
    - target: {fileID: 6997775314517860226, guid: c3a3c0a6ea5139146a41d01f0a09863a,
        type: 3}
      propertyPath: m_Enabled
      value: 0
      objectReference: {fileID: 0}
    - target: {fileID: 8136089404729014054, guid: c3a3c0a6ea5139146a41d01f0a09863a,
        type: 3}
      propertyPath: m_Mesh
      value: 
      objectReference: {fileID: -5495902117074765545, guid: 02e5131ce65b6d0419e144693901c120,
        type: 3}
    m_RemovedComponents:
    - {fileID: 1665987552805678472, guid: c3a3c0a6ea5139146a41d01f0a09863a, type: 3}
    - {fileID: 2137595661256283532, guid: c3a3c0a6ea5139146a41d01f0a09863a, type: 3}
  m_SourcePrefab: {fileID: 100100000, guid: c3a3c0a6ea5139146a41d01f0a09863a, type: 3}
--- !u!1 &3588903702411979445 stripped
GameObject:
  m_CorrespondingSourceObject: {fileID: 4317101921411858179, guid: c3a3c0a6ea5139146a41d01f0a09863a,
    type: 3}
  m_PrefabInstance: {fileID: 731612512213095862}
  m_PrefabAsset: {fileID: 0}
--- !u!4 &546344303728744614 stripped
Transform:
  m_CorrespondingSourceObject: {fileID: 986909044172000528, guid: c3a3c0a6ea5139146a41d01f0a09863a,
    type: 3}
  m_PrefabInstance: {fileID: 731612512213095862}
  m_PrefabAsset: {fileID: 0}
--- !u!1001 &731612512380547321
PrefabInstance:
  m_ObjectHideFlags: 0
  serializedVersion: 2
  m_Modification:
    m_TransformParent: {fileID: 731612513449728097}
    m_Modifications:
    - target: {fileID: 986909044172000528, guid: c3a3c0a6ea5139146a41d01f0a09863a,
        type: 3}
      propertyPath: m_LocalPosition.x
      value: 0.071001366
      objectReference: {fileID: 0}
    - target: {fileID: 986909044172000528, guid: c3a3c0a6ea5139146a41d01f0a09863a,
        type: 3}
      propertyPath: m_LocalPosition.y
      value: -0.3860998
      objectReference: {fileID: 0}
    - target: {fileID: 986909044172000528, guid: c3a3c0a6ea5139146a41d01f0a09863a,
        type: 3}
      propertyPath: m_LocalPosition.z
      value: -0.5519995
      objectReference: {fileID: 0}
    - target: {fileID: 986909044172000528, guid: c3a3c0a6ea5139146a41d01f0a09863a,
        type: 3}
      propertyPath: m_LocalRotation.x
      value: -0.09423272
      objectReference: {fileID: 0}
    - target: {fileID: 986909044172000528, guid: c3a3c0a6ea5139146a41d01f0a09863a,
        type: 3}
      propertyPath: m_LocalRotation.y
      value: 0.70079976
      objectReference: {fileID: 0}
    - target: {fileID: 986909044172000528, guid: c3a3c0a6ea5139146a41d01f0a09863a,
        type: 3}
      propertyPath: m_LocalRotation.z
      value: -0.09423271
      objectReference: {fileID: 0}
    - target: {fileID: 986909044172000528, guid: c3a3c0a6ea5139146a41d01f0a09863a,
        type: 3}
      propertyPath: m_LocalRotation.w
      value: 0.7007997
      objectReference: {fileID: 0}
    - target: {fileID: 986909044172000528, guid: c3a3c0a6ea5139146a41d01f0a09863a,
        type: 3}
      propertyPath: m_RootOrder
      value: 0
      objectReference: {fileID: 0}
    - target: {fileID: 986909044172000528, guid: c3a3c0a6ea5139146a41d01f0a09863a,
        type: 3}
      propertyPath: m_LocalEulerAnglesHint.x
      value: 0
      objectReference: {fileID: 0}
    - target: {fileID: 986909044172000528, guid: c3a3c0a6ea5139146a41d01f0a09863a,
        type: 3}
      propertyPath: m_LocalEulerAnglesHint.y
      value: 90.00001
      objectReference: {fileID: 0}
    - target: {fileID: 986909044172000528, guid: c3a3c0a6ea5139146a41d01f0a09863a,
        type: 3}
      propertyPath: m_LocalEulerAnglesHint.z
      value: -15.317
      objectReference: {fileID: 0}
    - target: {fileID: 986909044172000528, guid: c3a3c0a6ea5139146a41d01f0a09863a,
        type: 3}
      propertyPath: m_LocalScale.x
      value: 88.62235
      objectReference: {fileID: 0}
    - target: {fileID: 986909044172000528, guid: c3a3c0a6ea5139146a41d01f0a09863a,
        type: 3}
      propertyPath: m_LocalScale.y
      value: 52.263
      objectReference: {fileID: 0}
    - target: {fileID: 986909044172000528, guid: c3a3c0a6ea5139146a41d01f0a09863a,
        type: 3}
      propertyPath: m_LocalScale.z
      value: 52.26299
      objectReference: {fileID: 0}
    - target: {fileID: 2137595661256283532, guid: c3a3c0a6ea5139146a41d01f0a09863a,
        type: 3}
      propertyPath: sound
      value: 
      objectReference: {fileID: 0}
    - target: {fileID: 4317101921411858179, guid: c3a3c0a6ea5139146a41d01f0a09863a,
        type: 3}
      propertyPath: m_Name
      value: stage1-Plank_model_V2_light (14)
      objectReference: {fileID: 0}
    - target: {fileID: 4317101921411858179, guid: c3a3c0a6ea5139146a41d01f0a09863a,
        type: 3}
      propertyPath: m_Layer
      value: 18
      objectReference: {fileID: 0}
    - target: {fileID: 6997775314517860226, guid: c3a3c0a6ea5139146a41d01f0a09863a,
        type: 3}
      propertyPath: m_Enabled
      value: 0
      objectReference: {fileID: 0}
    - target: {fileID: 8136089404729014054, guid: c3a3c0a6ea5139146a41d01f0a09863a,
        type: 3}
      propertyPath: m_Mesh
      value: 
      objectReference: {fileID: -5495902117074765545, guid: 02e5131ce65b6d0419e144693901c120,
        type: 3}
    m_RemovedComponents:
    - {fileID: 1665987552805678472, guid: c3a3c0a6ea5139146a41d01f0a09863a, type: 3}
    - {fileID: 2137595661256283532, guid: c3a3c0a6ea5139146a41d01f0a09863a, type: 3}
  m_SourcePrefab: {fileID: 100100000, guid: c3a3c0a6ea5139146a41d01f0a09863a, type: 3}
--- !u!1 &3588903703249457146 stripped
GameObject:
  m_CorrespondingSourceObject: {fileID: 4317101921411858179, guid: c3a3c0a6ea5139146a41d01f0a09863a,
    type: 3}
  m_PrefabInstance: {fileID: 731612512380547321}
  m_PrefabAsset: {fileID: 0}
--- !u!4 &546344303426960873 stripped
Transform:
  m_CorrespondingSourceObject: {fileID: 986909044172000528, guid: c3a3c0a6ea5139146a41d01f0a09863a,
    type: 3}
  m_PrefabInstance: {fileID: 731612512380547321}
  m_PrefabAsset: {fileID: 0}
--- !u!1001 &731612512409519702
PrefabInstance:
  m_ObjectHideFlags: 0
  serializedVersion: 2
  m_Modification:
    m_TransformParent: {fileID: 731612513449728097}
    m_Modifications:
    - target: {fileID: 986909044172000528, guid: c3a3c0a6ea5139146a41d01f0a09863a,
        type: 3}
      propertyPath: m_LocalPosition.x
      value: -0.059999153
      objectReference: {fileID: 0}
    - target: {fileID: 986909044172000528, guid: c3a3c0a6ea5139146a41d01f0a09863a,
        type: 3}
      propertyPath: m_LocalPosition.y
      value: -0.5958786
      objectReference: {fileID: 0}
    - target: {fileID: 986909044172000528, guid: c3a3c0a6ea5139146a41d01f0a09863a,
        type: 3}
      propertyPath: m_LocalPosition.z
      value: 0.88640887
      objectReference: {fileID: 0}
    - target: {fileID: 986909044172000528, guid: c3a3c0a6ea5139146a41d01f0a09863a,
        type: 3}
      propertyPath: m_LocalRotation.x
      value: 0.048749164
      objectReference: {fileID: 0}
    - target: {fileID: 986909044172000528, guid: c3a3c0a6ea5139146a41d01f0a09863a,
        type: 3}
      propertyPath: m_LocalRotation.y
      value: 0.70542437
      objectReference: {fileID: 0}
    - target: {fileID: 986909044172000528, guid: c3a3c0a6ea5139146a41d01f0a09863a,
        type: 3}
      propertyPath: m_LocalRotation.z
      value: 0.04874917
      objectReference: {fileID: 0}
    - target: {fileID: 986909044172000528, guid: c3a3c0a6ea5139146a41d01f0a09863a,
        type: 3}
      propertyPath: m_LocalRotation.w
      value: 0.70542437
      objectReference: {fileID: 0}
    - target: {fileID: 986909044172000528, guid: c3a3c0a6ea5139146a41d01f0a09863a,
        type: 3}
      propertyPath: m_RootOrder
      value: 7
      objectReference: {fileID: 0}
    - target: {fileID: 986909044172000528, guid: c3a3c0a6ea5139146a41d01f0a09863a,
        type: 3}
      propertyPath: m_LocalEulerAnglesHint.x
      value: 0
      objectReference: {fileID: 0}
    - target: {fileID: 986909044172000528, guid: c3a3c0a6ea5139146a41d01f0a09863a,
        type: 3}
      propertyPath: m_LocalEulerAnglesHint.y
      value: 90.00001
      objectReference: {fileID: 0}
    - target: {fileID: 986909044172000528, guid: c3a3c0a6ea5139146a41d01f0a09863a,
        type: 3}
      propertyPath: m_LocalEulerAnglesHint.z
      value: 7.906
      objectReference: {fileID: 0}
    - target: {fileID: 986909044172000528, guid: c3a3c0a6ea5139146a41d01f0a09863a,
        type: 3}
      propertyPath: m_LocalScale.x
      value: 88.62237
      objectReference: {fileID: 0}
    - target: {fileID: 986909044172000528, guid: c3a3c0a6ea5139146a41d01f0a09863a,
        type: 3}
      propertyPath: m_LocalScale.y
      value: 52.263
      objectReference: {fileID: 0}
    - target: {fileID: 986909044172000528, guid: c3a3c0a6ea5139146a41d01f0a09863a,
        type: 3}
      propertyPath: m_LocalScale.z
      value: 52.262997
      objectReference: {fileID: 0}
    - target: {fileID: 2137595661256283532, guid: c3a3c0a6ea5139146a41d01f0a09863a,
        type: 3}
      propertyPath: sound
      value: 
      objectReference: {fileID: 0}
    - target: {fileID: 4317101921411858179, guid: c3a3c0a6ea5139146a41d01f0a09863a,
        type: 3}
      propertyPath: m_Name
      value: stage1-Plank_model_V2_light (7)
      objectReference: {fileID: 0}
    - target: {fileID: 4317101921411858179, guid: c3a3c0a6ea5139146a41d01f0a09863a,
        type: 3}
      propertyPath: m_Layer
      value: 18
      objectReference: {fileID: 0}
    - target: {fileID: 6997775314517860226, guid: c3a3c0a6ea5139146a41d01f0a09863a,
        type: 3}
      propertyPath: m_Enabled
      value: 0
      objectReference: {fileID: 0}
    - target: {fileID: 8136089404729014054, guid: c3a3c0a6ea5139146a41d01f0a09863a,
        type: 3}
      propertyPath: m_Mesh
      value: 
      objectReference: {fileID: -5495902117074765545, guid: 02e5131ce65b6d0419e144693901c120,
        type: 3}
    m_RemovedComponents:
    - {fileID: 1665987552805678472, guid: c3a3c0a6ea5139146a41d01f0a09863a, type: 3}
    - {fileID: 2137595661256283532, guid: c3a3c0a6ea5139146a41d01f0a09863a, type: 3}
  m_SourcePrefab: {fileID: 100100000, guid: c3a3c0a6ea5139146a41d01f0a09863a, type: 3}
--- !u!4 &546344303381220166 stripped
Transform:
  m_CorrespondingSourceObject: {fileID: 986909044172000528, guid: c3a3c0a6ea5139146a41d01f0a09863a,
    type: 3}
  m_PrefabInstance: {fileID: 731612512409519702}
  m_PrefabAsset: {fileID: 0}
--- !u!1 &3588903703287855445 stripped
GameObject:
  m_CorrespondingSourceObject: {fileID: 4317101921411858179, guid: c3a3c0a6ea5139146a41d01f0a09863a,
    type: 3}
  m_PrefabInstance: {fileID: 731612512409519702}
  m_PrefabAsset: {fileID: 0}
--- !u!1001 &731612512473969106
PrefabInstance:
  m_ObjectHideFlags: 0
  serializedVersion: 2
  m_Modification:
    m_TransformParent: {fileID: 731612513449728097}
    m_Modifications:
    - target: {fileID: 986909044172000528, guid: c3a3c0a6ea5139146a41d01f0a09863a,
        type: 3}
      propertyPath: m_LocalPosition.x
      value: 0.100000694
      objectReference: {fileID: 0}
    - target: {fileID: 986909044172000528, guid: c3a3c0a6ea5139146a41d01f0a09863a,
        type: 3}
      propertyPath: m_LocalPosition.y
      value: -0.13163659
      objectReference: {fileID: 0}
    - target: {fileID: 986909044172000528, guid: c3a3c0a6ea5139146a41d01f0a09863a,
        type: 3}
      propertyPath: m_LocalPosition.z
      value: -0.012997806
      objectReference: {fileID: 0}
    - target: {fileID: 986909044172000528, guid: c3a3c0a6ea5139146a41d01f0a09863a,
        type: 3}
      propertyPath: m_LocalRotation.x
      value: -0.45309877
      objectReference: {fileID: 0}
    - target: {fileID: 986909044172000528, guid: c3a3c0a6ea5139146a41d01f0a09863a,
        type: 3}
      propertyPath: m_LocalRotation.y
      value: 0.5427854
      objectReference: {fileID: 0}
    - target: {fileID: 986909044172000528, guid: c3a3c0a6ea5139146a41d01f0a09863a,
        type: 3}
      propertyPath: m_LocalRotation.z
      value: -0.4526536
      objectReference: {fileID: 0}
    - target: {fileID: 986909044172000528, guid: c3a3c0a6ea5139146a41d01f0a09863a,
        type: 3}
      propertyPath: m_LocalRotation.w
      value: 0.54331416
      objectReference: {fileID: 0}
    - target: {fileID: 986909044172000528, guid: c3a3c0a6ea5139146a41d01f0a09863a,
        type: 3}
      propertyPath: m_RootOrder
      value: 4
      objectReference: {fileID: 0}
    - target: {fileID: 986909044172000528, guid: c3a3c0a6ea5139146a41d01f0a09863a,
        type: 3}
      propertyPath: m_LocalEulerAnglesHint.x
      value: -0.055000003
      objectReference: {fileID: 0}
    - target: {fileID: 986909044172000528, guid: c3a3c0a6ea5139146a41d01f0a09863a,
        type: 3}
      propertyPath: m_LocalEulerAnglesHint.y
      value: 89.990005
      objectReference: {fileID: 0}
    - target: {fileID: 986909044172000528, guid: c3a3c0a6ea5139146a41d01f0a09863a,
        type: 3}
      propertyPath: m_LocalEulerAnglesHint.z
      value: -79.65301
      objectReference: {fileID: 0}
    - target: {fileID: 986909044172000528, guid: c3a3c0a6ea5139146a41d01f0a09863a,
        type: 3}
      propertyPath: m_LocalScale.x
      value: 88.62237
      objectReference: {fileID: 0}
    - target: {fileID: 986909044172000528, guid: c3a3c0a6ea5139146a41d01f0a09863a,
        type: 3}
      propertyPath: m_LocalScale.y
      value: 52.263
      objectReference: {fileID: 0}
    - target: {fileID: 986909044172000528, guid: c3a3c0a6ea5139146a41d01f0a09863a,
        type: 3}
      propertyPath: m_LocalScale.z
      value: 52.262993
      objectReference: {fileID: 0}
    - target: {fileID: 2137595661256283532, guid: c3a3c0a6ea5139146a41d01f0a09863a,
        type: 3}
      propertyPath: sound
      value: 
      objectReference: {fileID: 0}
    - target: {fileID: 4317101921411858179, guid: c3a3c0a6ea5139146a41d01f0a09863a,
        type: 3}
      propertyPath: m_Name
      value: stage1-Plank_model_V2_light (8)
      objectReference: {fileID: 0}
    - target: {fileID: 4317101921411858179, guid: c3a3c0a6ea5139146a41d01f0a09863a,
        type: 3}
      propertyPath: m_Layer
      value: 18
      objectReference: {fileID: 0}
    - target: {fileID: 6997775314517860226, guid: c3a3c0a6ea5139146a41d01f0a09863a,
        type: 3}
      propertyPath: m_Enabled
      value: 0
      objectReference: {fileID: 0}
    - target: {fileID: 8136089404729014054, guid: c3a3c0a6ea5139146a41d01f0a09863a,
        type: 3}
      propertyPath: m_Mesh
      value: 
      objectReference: {fileID: -5495902117074765545, guid: 02e5131ce65b6d0419e144693901c120,
        type: 3}
    m_RemovedComponents:
    - {fileID: 1665987552805678472, guid: c3a3c0a6ea5139146a41d01f0a09863a, type: 3}
    - {fileID: 2137595661256283532, guid: c3a3c0a6ea5139146a41d01f0a09863a, type: 3}
  m_SourcePrefab: {fileID: 100100000, guid: c3a3c0a6ea5139146a41d01f0a09863a, type: 3}
--- !u!1 &3588903703225372369 stripped
GameObject:
  m_CorrespondingSourceObject: {fileID: 4317101921411858179, guid: c3a3c0a6ea5139146a41d01f0a09863a,
    type: 3}
  m_PrefabInstance: {fileID: 731612512473969106}
  m_PrefabAsset: {fileID: 0}
--- !u!4 &546344303451176130 stripped
Transform:
  m_CorrespondingSourceObject: {fileID: 986909044172000528, guid: c3a3c0a6ea5139146a41d01f0a09863a,
    type: 3}
  m_PrefabInstance: {fileID: 731612512473969106}
  m_PrefabAsset: {fileID: 0}
--- !u!1001 &731612512545097684
PrefabInstance:
  m_ObjectHideFlags: 0
  serializedVersion: 2
  m_Modification:
    m_TransformParent: {fileID: 731612513449728097}
    m_Modifications:
    - target: {fileID: 986909044172000528, guid: c3a3c0a6ea5139146a41d01f0a09863a,
        type: 3}
      propertyPath: m_LocalPosition.x
      value: -0.030999824
      objectReference: {fileID: 0}
    - target: {fileID: 986909044172000528, guid: c3a3c0a6ea5139146a41d01f0a09863a,
        type: 3}
      propertyPath: m_LocalPosition.y
      value: -0.1233072
      objectReference: {fileID: 0}
    - target: {fileID: 986909044172000528, guid: c3a3c0a6ea5139146a41d01f0a09863a,
        type: 3}
      propertyPath: m_LocalPosition.z
      value: 1.5670006
      objectReference: {fileID: 0}
    - target: {fileID: 986909044172000528, guid: c3a3c0a6ea5139146a41d01f0a09863a,
        type: 3}
      propertyPath: m_LocalRotation.x
      value: -0.51421076
      objectReference: {fileID: 0}
    - target: {fileID: 986909044172000528, guid: c3a3c0a6ea5139146a41d01f0a09863a,
        type: 3}
      propertyPath: m_LocalRotation.y
      value: 0.48540416
      objectReference: {fileID: 0}
    - target: {fileID: 986909044172000528, guid: c3a3c0a6ea5139146a41d01f0a09863a,
        type: 3}
      propertyPath: m_LocalRotation.z
      value: -0.5137062
      objectReference: {fileID: 0}
    - target: {fileID: 986909044172000528, guid: c3a3c0a6ea5139146a41d01f0a09863a,
        type: 3}
      propertyPath: m_LocalRotation.w
      value: 0.48587656
      objectReference: {fileID: 0}
    - target: {fileID: 986909044172000528, guid: c3a3c0a6ea5139146a41d01f0a09863a,
        type: 3}
      propertyPath: m_RootOrder
      value: 11
      objectReference: {fileID: 0}
    - target: {fileID: 986909044172000528, guid: c3a3c0a6ea5139146a41d01f0a09863a,
        type: 3}
      propertyPath: m_LocalEulerAnglesHint.x
      value: -0.056
      objectReference: {fileID: 0}
    - target: {fileID: 986909044172000528, guid: c3a3c0a6ea5139146a41d01f0a09863a,
        type: 3}
      propertyPath: m_LocalEulerAnglesHint.y
      value: 90.003006
      objectReference: {fileID: 0}
    - target: {fileID: 986909044172000528, guid: c3a3c0a6ea5139146a41d01f0a09863a,
        type: 3}
      propertyPath: m_LocalEulerAnglesHint.z
      value: -93.245
      objectReference: {fileID: 0}
    - target: {fileID: 986909044172000528, guid: c3a3c0a6ea5139146a41d01f0a09863a,
        type: 3}
      propertyPath: m_LocalScale.x
      value: 88.62236
      objectReference: {fileID: 0}
    - target: {fileID: 986909044172000528, guid: c3a3c0a6ea5139146a41d01f0a09863a,
        type: 3}
      propertyPath: m_LocalScale.y
      value: 52.262997
      objectReference: {fileID: 0}
    - target: {fileID: 986909044172000528, guid: c3a3c0a6ea5139146a41d01f0a09863a,
        type: 3}
      propertyPath: m_LocalScale.z
      value: 52.262993
      objectReference: {fileID: 0}
    - target: {fileID: 2137595661256283532, guid: c3a3c0a6ea5139146a41d01f0a09863a,
        type: 3}
      propertyPath: sound
      value: 
      objectReference: {fileID: 0}
    - target: {fileID: 4317101921411858179, guid: c3a3c0a6ea5139146a41d01f0a09863a,
        type: 3}
      propertyPath: m_Name
      value: stage1-Plank_model_V2_light (1)
      objectReference: {fileID: 0}
    - target: {fileID: 4317101921411858179, guid: c3a3c0a6ea5139146a41d01f0a09863a,
        type: 3}
      propertyPath: m_Layer
      value: 18
      objectReference: {fileID: 0}
    - target: {fileID: 6997775314517860226, guid: c3a3c0a6ea5139146a41d01f0a09863a,
        type: 3}
      propertyPath: m_Enabled
      value: 0
      objectReference: {fileID: 0}
    - target: {fileID: 8136089404729014054, guid: c3a3c0a6ea5139146a41d01f0a09863a,
        type: 3}
      propertyPath: m_Mesh
      value: 
      objectReference: {fileID: -5495902117074765545, guid: 02e5131ce65b6d0419e144693901c120,
        type: 3}
    m_RemovedComponents:
    - {fileID: 1665987552805678472, guid: c3a3c0a6ea5139146a41d01f0a09863a, type: 3}
    - {fileID: 2137595661256283532, guid: c3a3c0a6ea5139146a41d01f0a09863a, type: 3}
  m_SourcePrefab: {fileID: 100100000, guid: c3a3c0a6ea5139146a41d01f0a09863a, type: 3}
--- !u!4 &546344303245740740 stripped
Transform:
  m_CorrespondingSourceObject: {fileID: 986909044172000528, guid: c3a3c0a6ea5139146a41d01f0a09863a,
    type: 3}
  m_PrefabInstance: {fileID: 731612512545097684}
  m_PrefabAsset: {fileID: 0}
--- !u!1 &3588903702885546199 stripped
GameObject:
  m_CorrespondingSourceObject: {fileID: 4317101921411858179, guid: c3a3c0a6ea5139146a41d01f0a09863a,
    type: 3}
  m_PrefabInstance: {fileID: 731612512545097684}
  m_PrefabAsset: {fileID: 0}
--- !u!1001 &731612513060016807
PrefabInstance:
  m_ObjectHideFlags: 0
  serializedVersion: 2
  m_Modification:
    m_TransformParent: {fileID: 731612513449728097}
    m_Modifications:
    - target: {fileID: 986909044172000528, guid: c3a3c0a6ea5139146a41d01f0a09863a,
        type: 3}
      propertyPath: m_LocalPosition.x
      value: 0.100000694
      objectReference: {fileID: 0}
    - target: {fileID: 986909044172000528, guid: c3a3c0a6ea5139146a41d01f0a09863a,
        type: 3}
      propertyPath: m_LocalPosition.y
      value: -0.12779233
      objectReference: {fileID: 0}
    - target: {fileID: 986909044172000528, guid: c3a3c0a6ea5139146a41d01f0a09863a,
        type: 3}
      propertyPath: m_LocalPosition.z
      value: -1.2150013
      objectReference: {fileID: 0}
    - target: {fileID: 986909044172000528, guid: c3a3c0a6ea5139146a41d01f0a09863a,
        type: 3}
      propertyPath: m_LocalRotation.x
      value: -0.47936234
      objectReference: {fileID: 0}
    - target: {fileID: 986909044172000528, guid: c3a3c0a6ea5139146a41d01f0a09863a,
        type: 3}
      propertyPath: m_LocalRotation.y
      value: 0.51978266
      objectReference: {fileID: 0}
    - target: {fileID: 986909044172000528, guid: c3a3c0a6ea5139146a41d01f0a09863a,
        type: 3}
      propertyPath: m_LocalRotation.z
      value: -0.4788917
      objectReference: {fileID: 0}
    - target: {fileID: 986909044172000528, guid: c3a3c0a6ea5139146a41d01f0a09863a,
        type: 3}
      propertyPath: m_LocalRotation.w
      value: 0.5202889
      objectReference: {fileID: 0}
    - target: {fileID: 986909044172000528, guid: c3a3c0a6ea5139146a41d01f0a09863a,
        type: 3}
      propertyPath: m_RootOrder
      value: 3
      objectReference: {fileID: 0}
    - target: {fileID: 986909044172000528, guid: c3a3c0a6ea5139146a41d01f0a09863a,
        type: 3}
      propertyPath: m_LocalEulerAnglesHint.x
      value: -0.056
      objectReference: {fileID: 0}
    - target: {fileID: 986909044172000528, guid: c3a3c0a6ea5139146a41d01f0a09863a,
        type: 3}
      propertyPath: m_LocalEulerAnglesHint.y
      value: 89.996
      objectReference: {fileID: 0}
    - target: {fileID: 986909044172000528, guid: c3a3c0a6ea5139146a41d01f0a09863a,
        type: 3}
      propertyPath: m_LocalEulerAnglesHint.z
      value: -85.311005
      objectReference: {fileID: 0}
    - target: {fileID: 986909044172000528, guid: c3a3c0a6ea5139146a41d01f0a09863a,
        type: 3}
      propertyPath: m_LocalScale.x
      value: 88.62237
      objectReference: {fileID: 0}
    - target: {fileID: 986909044172000528, guid: c3a3c0a6ea5139146a41d01f0a09863a,
        type: 3}
      propertyPath: m_LocalScale.y
      value: 52.262997
      objectReference: {fileID: 0}
    - target: {fileID: 986909044172000528, guid: c3a3c0a6ea5139146a41d01f0a09863a,
        type: 3}
      propertyPath: m_LocalScale.z
      value: 52.262993
      objectReference: {fileID: 0}
    - target: {fileID: 2137595661256283532, guid: c3a3c0a6ea5139146a41d01f0a09863a,
        type: 3}
      propertyPath: sound
      value: 
      objectReference: {fileID: 0}
    - target: {fileID: 4317101921411858179, guid: c3a3c0a6ea5139146a41d01f0a09863a,
        type: 3}
      propertyPath: m_Name
      value: stage1-Plank_model_V2_light (10)
      objectReference: {fileID: 0}
    - target: {fileID: 4317101921411858179, guid: c3a3c0a6ea5139146a41d01f0a09863a,
        type: 3}
      propertyPath: m_Layer
      value: 18
      objectReference: {fileID: 0}
    - target: {fileID: 6997775314517860226, guid: c3a3c0a6ea5139146a41d01f0a09863a,
        type: 3}
      propertyPath: m_Enabled
      value: 0
      objectReference: {fileID: 0}
    - target: {fileID: 8136089404729014054, guid: c3a3c0a6ea5139146a41d01f0a09863a,
        type: 3}
      propertyPath: m_Mesh
      value: 
      objectReference: {fileID: -5495902117074765545, guid: 02e5131ce65b6d0419e144693901c120,
        type: 3}
    m_RemovedComponents:
    - {fileID: 1665987552805678472, guid: c3a3c0a6ea5139146a41d01f0a09863a, type: 3}
    - {fileID: 2137595661256283532, guid: c3a3c0a6ea5139146a41d01f0a09863a, type: 3}
  m_SourcePrefab: {fileID: 100100000, guid: c3a3c0a6ea5139146a41d01f0a09863a, type: 3}
--- !u!1 &3588903703408848292 stripped
GameObject:
  m_CorrespondingSourceObject: {fileID: 4317101921411858179, guid: c3a3c0a6ea5139146a41d01f0a09863a,
    type: 3}
  m_PrefabInstance: {fileID: 731612513060016807}
  m_PrefabAsset: {fileID: 0}
--- !u!4 &546344302730698679 stripped
Transform:
  m_CorrespondingSourceObject: {fileID: 986909044172000528, guid: c3a3c0a6ea5139146a41d01f0a09863a,
    type: 3}
  m_PrefabInstance: {fileID: 731612513060016807}
  m_PrefabAsset: {fileID: 0}
--- !u!1001 &731612513071536001
PrefabInstance:
  m_ObjectHideFlags: 0
  serializedVersion: 2
  m_Modification:
    m_TransformParent: {fileID: 731612513449728097}
    m_Modifications:
    - target: {fileID: 986909044172000528, guid: c3a3c0a6ea5139146a41d01f0a09863a,
        type: 3}
      propertyPath: m_LocalPosition.x
      value: -0.030999824
      objectReference: {fileID: 0}
    - target: {fileID: 986909044172000528, guid: c3a3c0a6ea5139146a41d01f0a09863a,
        type: 3}
      propertyPath: m_LocalPosition.y
      value: -0.11907479
      objectReference: {fileID: 0}
    - target: {fileID: 986909044172000528, guid: c3a3c0a6ea5139146a41d01f0a09863a,
        type: 3}
      propertyPath: m_LocalPosition.z
      value: 0.36900216
      objectReference: {fileID: 0}
    - target: {fileID: 986909044172000528, guid: c3a3c0a6ea5139146a41d01f0a09863a,
        type: 3}
      propertyPath: m_LocalRotation.x
      value: -0.5050335
      objectReference: {fileID: 0}
    - target: {fileID: 986909044172000528, guid: c3a3c0a6ea5139146a41d01f0a09863a,
        type: 3}
      propertyPath: m_LocalRotation.y
      value: -0.49496254
      objectReference: {fileID: 0}
    - target: {fileID: 986909044172000528, guid: c3a3c0a6ea5139146a41d01f0a09863a,
        type: 3}
      propertyPath: m_LocalRotation.z
      value: -0.50546736
      objectReference: {fileID: 0}
    - target: {fileID: 986909044172000528, guid: c3a3c0a6ea5139146a41d01f0a09863a,
        type: 3}
      propertyPath: m_LocalRotation.w
      value: -0.49442497
      objectReference: {fileID: 0}
    - target: {fileID: 986909044172000528, guid: c3a3c0a6ea5139146a41d01f0a09863a,
        type: 3}
      propertyPath: m_RootOrder
      value: 9
      objectReference: {fileID: 0}
    - target: {fileID: 986909044172000528, guid: c3a3c0a6ea5139146a41d01f0a09863a,
        type: 3}
      propertyPath: m_LocalEulerAnglesHint.x
      value: -0.056
      objectReference: {fileID: 0}
    - target: {fileID: 986909044172000528, guid: c3a3c0a6ea5139146a41d01f0a09863a,
        type: 3}
      propertyPath: m_LocalEulerAnglesHint.y
      value: 90.005005
      objectReference: {fileID: 0}
    - target: {fileID: 986909044172000528, guid: c3a3c0a6ea5139146a41d01f0a09863a,
        type: 3}
      propertyPath: m_LocalEulerAnglesHint.z
      value: -268.78998
      objectReference: {fileID: 0}
    - target: {fileID: 986909044172000528, guid: c3a3c0a6ea5139146a41d01f0a09863a,
        type: 3}
      propertyPath: m_LocalScale.x
      value: 88.62237
      objectReference: {fileID: 0}
    - target: {fileID: 986909044172000528, guid: c3a3c0a6ea5139146a41d01f0a09863a,
        type: 3}
      propertyPath: m_LocalScale.y
      value: 52.262993
      objectReference: {fileID: 0}
    - target: {fileID: 986909044172000528, guid: c3a3c0a6ea5139146a41d01f0a09863a,
        type: 3}
      propertyPath: m_LocalScale.z
      value: 52.262993
      objectReference: {fileID: 0}
    - target: {fileID: 2137595661256283532, guid: c3a3c0a6ea5139146a41d01f0a09863a,
        type: 3}
      propertyPath: sound
      value: 
      objectReference: {fileID: 0}
    - target: {fileID: 4317101921411858179, guid: c3a3c0a6ea5139146a41d01f0a09863a,
        type: 3}
      propertyPath: m_Name
      value: stage1-Plank_model_V2_light (5)
      objectReference: {fileID: 0}
    - target: {fileID: 4317101921411858179, guid: c3a3c0a6ea5139146a41d01f0a09863a,
        type: 3}
      propertyPath: m_Layer
      value: 18
      objectReference: {fileID: 0}
    - target: {fileID: 6997775314517860226, guid: c3a3c0a6ea5139146a41d01f0a09863a,
        type: 3}
      propertyPath: m_Enabled
      value: 0
      objectReference: {fileID: 0}
    - target: {fileID: 8136089404729014054, guid: c3a3c0a6ea5139146a41d01f0a09863a,
        type: 3}
      propertyPath: m_Mesh
      value: 
      objectReference: {fileID: -5495902117074765545, guid: 02e5131ce65b6d0419e144693901c120,
        type: 3}
    m_RemovedComponents:
    - {fileID: 1665987552805678472, guid: c3a3c0a6ea5139146a41d01f0a09863a, type: 3}
    - {fileID: 2137595661256283532, guid: c3a3c0a6ea5139146a41d01f0a09863a, type: 3}
  m_SourcePrefab: {fileID: 100100000, guid: c3a3c0a6ea5139146a41d01f0a09863a, type: 3}
--- !u!1 &3588903703399426178 stripped
GameObject:
  m_CorrespondingSourceObject: {fileID: 4317101921411858179, guid: c3a3c0a6ea5139146a41d01f0a09863a,
    type: 3}
  m_PrefabInstance: {fileID: 731612513071536001}
  m_PrefabAsset: {fileID: 0}
--- !u!4 &546344302735923857 stripped
Transform:
  m_CorrespondingSourceObject: {fileID: 986909044172000528, guid: c3a3c0a6ea5139146a41d01f0a09863a,
    type: 3}
  m_PrefabInstance: {fileID: 731612513071536001}
  m_PrefabAsset: {fileID: 0}
--- !u!1001 &731612513186082629
PrefabInstance:
  m_ObjectHideFlags: 0
  serializedVersion: 2
  m_Modification:
    m_TransformParent: {fileID: 731612513449728097}
    m_Modifications:
    - target: {fileID: 986909044172000528, guid: c3a3c0a6ea5139146a41d01f0a09863a,
        type: 3}
      propertyPath: m_LocalPosition.x
      value: -0.030999824
      objectReference: {fileID: 0}
    - target: {fileID: 986909044172000528, guid: c3a3c0a6ea5139146a41d01f0a09863a,
        type: 3}
      propertyPath: m_LocalPosition.y
      value: -0.11840722
      objectReference: {fileID: 0}
    - target: {fileID: 986909044172000528, guid: c3a3c0a6ea5139146a41d01f0a09863a,
        type: 3}
      propertyPath: m_LocalPosition.z
      value: 0.011000454
      objectReference: {fileID: 0}
    - target: {fileID: 986909044172000528, guid: c3a3c0a6ea5139146a41d01f0a09863a,
        type: 3}
      propertyPath: m_LocalRotation.x
      value: -0.53108877
      objectReference: {fileID: 0}
    - target: {fileID: 986909044172000528, guid: c3a3c0a6ea5139146a41d01f0a09863a,
        type: 3}
      propertyPath: m_LocalRotation.y
      value: 0.46691456
      objectReference: {fileID: 0}
    - target: {fileID: 986909044172000528, guid: c3a3c0a6ea5139146a41d01f0a09863a,
        type: 3}
      propertyPath: m_LocalRotation.z
      value: -0.53056765
      objectReference: {fileID: 0}
    - target: {fileID: 986909044172000528, guid: c3a3c0a6ea5139146a41d01f0a09863a,
        type: 3}
      propertyPath: m_LocalRotation.w
      value: 0.4673688
      objectReference: {fileID: 0}
    - target: {fileID: 986909044172000528, guid: c3a3c0a6ea5139146a41d01f0a09863a,
        type: 3}
      propertyPath: m_RootOrder
      value: 12
      objectReference: {fileID: 0}
    - target: {fileID: 986909044172000528, guid: c3a3c0a6ea5139146a41d01f0a09863a,
        type: 3}
      propertyPath: m_LocalEulerAnglesHint.x
      value: -0.056
      objectReference: {fileID: 0}
    - target: {fileID: 986909044172000528, guid: c3a3c0a6ea5139146a41d01f0a09863a,
        type: 3}
      propertyPath: m_LocalEulerAnglesHint.y
      value: 90.007
      objectReference: {fileID: 0}
    - target: {fileID: 986909044172000528, guid: c3a3c0a6ea5139146a41d01f0a09863a,
        type: 3}
      propertyPath: m_LocalEulerAnglesHint.z
      value: -97.303
      objectReference: {fileID: 0}
    - target: {fileID: 986909044172000528, guid: c3a3c0a6ea5139146a41d01f0a09863a,
        type: 3}
      propertyPath: m_LocalScale.x
      value: 88.62237
      objectReference: {fileID: 0}
    - target: {fileID: 986909044172000528, guid: c3a3c0a6ea5139146a41d01f0a09863a,
        type: 3}
      propertyPath: m_LocalScale.y
      value: 52.262997
      objectReference: {fileID: 0}
    - target: {fileID: 986909044172000528, guid: c3a3c0a6ea5139146a41d01f0a09863a,
        type: 3}
      propertyPath: m_LocalScale.z
      value: 52.262997
      objectReference: {fileID: 0}
    - target: {fileID: 2137595661256283532, guid: c3a3c0a6ea5139146a41d01f0a09863a,
        type: 3}
      propertyPath: sound
      value: 
      objectReference: {fileID: 0}
    - target: {fileID: 4317101921411858179, guid: c3a3c0a6ea5139146a41d01f0a09863a,
        type: 3}
      propertyPath: m_Name
      value: stage1-Plank_model_V2_light (4)
      objectReference: {fileID: 0}
    - target: {fileID: 4317101921411858179, guid: c3a3c0a6ea5139146a41d01f0a09863a,
        type: 3}
      propertyPath: m_Layer
      value: 18
      objectReference: {fileID: 0}
    - target: {fileID: 6997775314517860226, guid: c3a3c0a6ea5139146a41d01f0a09863a,
        type: 3}
      propertyPath: m_Enabled
      value: 0
      objectReference: {fileID: 0}
    - target: {fileID: 8136089404729014054, guid: c3a3c0a6ea5139146a41d01f0a09863a,
        type: 3}
      propertyPath: m_Mesh
      value: 
      objectReference: {fileID: -5495902117074765545, guid: 02e5131ce65b6d0419e144693901c120,
        type: 3}
    m_RemovedComponents:
    - {fileID: 1665987552805678472, guid: c3a3c0a6ea5139146a41d01f0a09863a, type: 3}
    - {fileID: 2137595661256283532, guid: c3a3c0a6ea5139146a41d01f0a09863a, type: 3}
  m_SourcePrefab: {fileID: 100100000, guid: c3a3c0a6ea5139146a41d01f0a09863a, type: 3}
--- !u!1 &3588903703518056518 stripped
GameObject:
  m_CorrespondingSourceObject: {fileID: 4317101921411858179, guid: c3a3c0a6ea5139146a41d01f0a09863a,
    type: 3}
  m_PrefabInstance: {fileID: 731612513186082629}
  m_PrefabAsset: {fileID: 0}
--- !u!4 &546344302621614677 stripped
Transform:
  m_CorrespondingSourceObject: {fileID: 986909044172000528, guid: c3a3c0a6ea5139146a41d01f0a09863a,
    type: 3}
  m_PrefabInstance: {fileID: 731612513186082629}
  m_PrefabAsset: {fileID: 0}
--- !u!1001 &731612513291712665
PrefabInstance:
  m_ObjectHideFlags: 0
  serializedVersion: 2
  m_Modification:
    m_TransformParent: {fileID: 731612513449728097}
    m_Modifications:
    - target: {fileID: 986909044172000528, guid: c3a3c0a6ea5139146a41d01f0a09863a,
        type: 3}
      propertyPath: m_LocalPosition.x
      value: 0.100000694
      objectReference: {fileID: 0}
    - target: {fileID: 986909044172000528, guid: c3a3c0a6ea5139146a41d01f0a09863a,
        type: 3}
      propertyPath: m_LocalPosition.y
      value: -0.1251001
      objectReference: {fileID: 0}
    - target: {fileID: 986909044172000528, guid: c3a3c0a6ea5139146a41d01f0a09863a,
        type: 3}
      propertyPath: m_LocalPosition.z
      value: -1.9959996
      objectReference: {fileID: 0}
    - target: {fileID: 986909044172000528, guid: c3a3c0a6ea5139146a41d01f0a09863a,
        type: 3}
      propertyPath: m_LocalRotation.x
      value: -0.53108877
      objectReference: {fileID: 0}
    - target: {fileID: 986909044172000528, guid: c3a3c0a6ea5139146a41d01f0a09863a,
        type: 3}
      propertyPath: m_LocalRotation.y
      value: 0.46691456
      objectReference: {fileID: 0}
    - target: {fileID: 986909044172000528, guid: c3a3c0a6ea5139146a41d01f0a09863a,
        type: 3}
      propertyPath: m_LocalRotation.z
      value: -0.53056765
      objectReference: {fileID: 0}
    - target: {fileID: 986909044172000528, guid: c3a3c0a6ea5139146a41d01f0a09863a,
        type: 3}
      propertyPath: m_LocalRotation.w
      value: 0.4673688
      objectReference: {fileID: 0}
    - target: {fileID: 986909044172000528, guid: c3a3c0a6ea5139146a41d01f0a09863a,
        type: 3}
      propertyPath: m_RootOrder
      value: 5
      objectReference: {fileID: 0}
    - target: {fileID: 986909044172000528, guid: c3a3c0a6ea5139146a41d01f0a09863a,
        type: 3}
      propertyPath: m_LocalEulerAnglesHint.x
      value: -0.056
      objectReference: {fileID: 0}
    - target: {fileID: 986909044172000528, guid: c3a3c0a6ea5139146a41d01f0a09863a,
        type: 3}
      propertyPath: m_LocalEulerAnglesHint.y
      value: 90.007
      objectReference: {fileID: 0}
    - target: {fileID: 986909044172000528, guid: c3a3c0a6ea5139146a41d01f0a09863a,
        type: 3}
      propertyPath: m_LocalEulerAnglesHint.z
      value: -97.303
      objectReference: {fileID: 0}
    - target: {fileID: 986909044172000528, guid: c3a3c0a6ea5139146a41d01f0a09863a,
        type: 3}
      propertyPath: m_LocalScale.x
      value: 88.62237
      objectReference: {fileID: 0}
    - target: {fileID: 986909044172000528, guid: c3a3c0a6ea5139146a41d01f0a09863a,
        type: 3}
      propertyPath: m_LocalScale.y
      value: 52.262997
      objectReference: {fileID: 0}
    - target: {fileID: 986909044172000528, guid: c3a3c0a6ea5139146a41d01f0a09863a,
        type: 3}
      propertyPath: m_LocalScale.z
      value: 52.262997
      objectReference: {fileID: 0}
    - target: {fileID: 2137595661256283532, guid: c3a3c0a6ea5139146a41d01f0a09863a,
        type: 3}
      propertyPath: sound
      value: 
      objectReference: {fileID: 0}
    - target: {fileID: 4317101921411858179, guid: c3a3c0a6ea5139146a41d01f0a09863a,
        type: 3}
      propertyPath: m_Name
      value: stage1-Plank_model_V2_light (12)
      objectReference: {fileID: 0}
    - target: {fileID: 4317101921411858179, guid: c3a3c0a6ea5139146a41d01f0a09863a,
        type: 3}
      propertyPath: m_Layer
      value: 18
      objectReference: {fileID: 0}
    - target: {fileID: 6997775314517860226, guid: c3a3c0a6ea5139146a41d01f0a09863a,
        type: 3}
      propertyPath: m_Enabled
      value: 0
      objectReference: {fileID: 0}
    - target: {fileID: 8136089404729014054, guid: c3a3c0a6ea5139146a41d01f0a09863a,
        type: 3}
      propertyPath: m_Mesh
      value: 
      objectReference: {fileID: -5495902117074765545, guid: 02e5131ce65b6d0419e144693901c120,
        type: 3}
    m_RemovedComponents:
    - {fileID: 1665987552805678472, guid: c3a3c0a6ea5139146a41d01f0a09863a, type: 3}
    - {fileID: 2137595661256283532, guid: c3a3c0a6ea5139146a41d01f0a09863a, type: 3}
  m_SourcePrefab: {fileID: 100100000, guid: c3a3c0a6ea5139146a41d01f0a09863a, type: 3}
--- !u!1 &3588903703481108378 stripped
GameObject:
  m_CorrespondingSourceObject: {fileID: 4317101921411858179, guid: c3a3c0a6ea5139146a41d01f0a09863a,
    type: 3}
  m_PrefabInstance: {fileID: 731612513291712665}
  m_PrefabAsset: {fileID: 0}
--- !u!4 &546344302650176905 stripped
Transform:
  m_CorrespondingSourceObject: {fileID: 986909044172000528, guid: c3a3c0a6ea5139146a41d01f0a09863a,
    type: 3}
  m_PrefabInstance: {fileID: 731612513291712665}
  m_PrefabAsset: {fileID: 0}
--- !u!1001 &731612513342913490
PrefabInstance:
  m_ObjectHideFlags: 0
  serializedVersion: 2
  m_Modification:
    m_TransformParent: {fileID: 731612513449728097}
    m_Modifications:
    - target: {fileID: 986909044172000528, guid: c3a3c0a6ea5139146a41d01f0a09863a,
        type: 3}
      propertyPath: m_LocalPosition.x
      value: -0.030999824
      objectReference: {fileID: 0}
    - target: {fileID: 986909044172000528, guid: c3a3c0a6ea5139146a41d01f0a09863a,
        type: 3}
      propertyPath: m_LocalPosition.y
      value: -0.12109944
      objectReference: {fileID: 0}
    - target: {fileID: 986909044172000528, guid: c3a3c0a6ea5139146a41d01f0a09863a,
        type: 3}
      propertyPath: m_LocalPosition.z
      value: 0.7919989
      objectReference: {fileID: 0}
    - target: {fileID: 986909044172000528, guid: c3a3c0a6ea5139146a41d01f0a09863a,
        type: 3}
      propertyPath: m_LocalRotation.x
      value: -0.47936234
      objectReference: {fileID: 0}
    - target: {fileID: 986909044172000528, guid: c3a3c0a6ea5139146a41d01f0a09863a,
        type: 3}
      propertyPath: m_LocalRotation.y
      value: 0.51978266
      objectReference: {fileID: 0}
    - target: {fileID: 986909044172000528, guid: c3a3c0a6ea5139146a41d01f0a09863a,
        type: 3}
      propertyPath: m_LocalRotation.z
      value: -0.4788917
      objectReference: {fileID: 0}
    - target: {fileID: 986909044172000528, guid: c3a3c0a6ea5139146a41d01f0a09863a,
        type: 3}
      propertyPath: m_LocalRotation.w
      value: 0.5202889
      objectReference: {fileID: 0}
    - target: {fileID: 986909044172000528, guid: c3a3c0a6ea5139146a41d01f0a09863a,
        type: 3}
      propertyPath: m_RootOrder
      value: 10
      objectReference: {fileID: 0}
    - target: {fileID: 986909044172000528, guid: c3a3c0a6ea5139146a41d01f0a09863a,
        type: 3}
      propertyPath: m_LocalEulerAnglesHint.x
      value: -0.056
      objectReference: {fileID: 0}
    - target: {fileID: 986909044172000528, guid: c3a3c0a6ea5139146a41d01f0a09863a,
        type: 3}
      propertyPath: m_LocalEulerAnglesHint.y
      value: 89.996
      objectReference: {fileID: 0}
    - target: {fileID: 986909044172000528, guid: c3a3c0a6ea5139146a41d01f0a09863a,
        type: 3}
      propertyPath: m_LocalEulerAnglesHint.z
      value: -85.311005
      objectReference: {fileID: 0}
    - target: {fileID: 986909044172000528, guid: c3a3c0a6ea5139146a41d01f0a09863a,
        type: 3}
      propertyPath: m_LocalScale.x
      value: 88.62237
      objectReference: {fileID: 0}
    - target: {fileID: 986909044172000528, guid: c3a3c0a6ea5139146a41d01f0a09863a,
        type: 3}
      propertyPath: m_LocalScale.y
      value: 52.262997
      objectReference: {fileID: 0}
    - target: {fileID: 986909044172000528, guid: c3a3c0a6ea5139146a41d01f0a09863a,
        type: 3}
      propertyPath: m_LocalScale.z
      value: 52.262993
      objectReference: {fileID: 0}
    - target: {fileID: 2137595661256283532, guid: c3a3c0a6ea5139146a41d01f0a09863a,
        type: 3}
      propertyPath: sound
      value: 
      objectReference: {fileID: 0}
    - target: {fileID: 4317101921411858179, guid: c3a3c0a6ea5139146a41d01f0a09863a,
        type: 3}
      propertyPath: m_Name
      value: stage1-Plank_model_V2_light (2)
      objectReference: {fileID: 0}
    - target: {fileID: 4317101921411858179, guid: c3a3c0a6ea5139146a41d01f0a09863a,
        type: 3}
      propertyPath: m_Layer
      value: 18
      objectReference: {fileID: 0}
    - target: {fileID: 6997775314517860226, guid: c3a3c0a6ea5139146a41d01f0a09863a,
        type: 3}
      propertyPath: m_Enabled
      value: 0
      objectReference: {fileID: 0}
    - target: {fileID: 8136089404729014054, guid: c3a3c0a6ea5139146a41d01f0a09863a,
        type: 3}
      propertyPath: m_Mesh
      value: 
      objectReference: {fileID: -5495902117074765545, guid: 02e5131ce65b6d0419e144693901c120,
        type: 3}
    m_RemovedComponents:
    - {fileID: 1665987552805678472, guid: c3a3c0a6ea5139146a41d01f0a09863a, type: 3}
    - {fileID: 2137595661256283532, guid: c3a3c0a6ea5139146a41d01f0a09863a, type: 3}
  m_SourcePrefab: {fileID: 100100000, guid: c3a3c0a6ea5139146a41d01f0a09863a, type: 3}
--- !u!4 &546344302447883970 stripped
Transform:
  m_CorrespondingSourceObject: {fileID: 986909044172000528, guid: c3a3c0a6ea5139146a41d01f0a09863a,
    type: 3}
  m_PrefabInstance: {fileID: 731612513342913490}
  m_PrefabAsset: {fileID: 0}
--- !u!1 &3588903704232723665 stripped
GameObject:
  m_CorrespondingSourceObject: {fileID: 4317101921411858179, guid: c3a3c0a6ea5139146a41d01f0a09863a,
    type: 3}
  m_PrefabInstance: {fileID: 731612513342913490}
  m_PrefabAsset: {fileID: 0}
--- !u!1001 &731612513486303667
PrefabInstance:
  m_ObjectHideFlags: 0
  serializedVersion: 2
  m_Modification:
    m_TransformParent: {fileID: 731612513449728097}
    m_Modifications:
    - target: {fileID: 986909044172000528, guid: c3a3c0a6ea5139146a41d01f0a09863a,
        type: 3}
      propertyPath: m_LocalPosition.x
      value: 0.1
      objectReference: {fileID: 0}
    - target: {fileID: 986909044172000528, guid: c3a3c0a6ea5139146a41d01f0a09863a,
        type: 3}
      propertyPath: m_LocalPosition.y
      value: -0.13
      objectReference: {fileID: 0}
    - target: {fileID: 986909044172000528, guid: c3a3c0a6ea5139146a41d01f0a09863a,
        type: 3}
      propertyPath: m_LocalPosition.z
      value: -0.44
      objectReference: {fileID: 0}
    - target: {fileID: 986909044172000528, guid: c3a3c0a6ea5139146a41d01f0a09863a,
        type: 3}
      propertyPath: m_LocalRotation.x
      value: -0.51421076
      objectReference: {fileID: 0}
    - target: {fileID: 986909044172000528, guid: c3a3c0a6ea5139146a41d01f0a09863a,
        type: 3}
      propertyPath: m_LocalRotation.y
      value: 0.48540416
      objectReference: {fileID: 0}
    - target: {fileID: 986909044172000528, guid: c3a3c0a6ea5139146a41d01f0a09863a,
        type: 3}
      propertyPath: m_LocalRotation.z
      value: -0.5137062
      objectReference: {fileID: 0}
    - target: {fileID: 986909044172000528, guid: c3a3c0a6ea5139146a41d01f0a09863a,
        type: 3}
      propertyPath: m_LocalRotation.w
      value: 0.48587656
      objectReference: {fileID: 0}
    - target: {fileID: 986909044172000528, guid: c3a3c0a6ea5139146a41d01f0a09863a,
        type: 3}
      propertyPath: m_RootOrder
      value: 1
      objectReference: {fileID: 0}
    - target: {fileID: 986909044172000528, guid: c3a3c0a6ea5139146a41d01f0a09863a,
        type: 3}
      propertyPath: m_LocalEulerAnglesHint.x
      value: -0.056
      objectReference: {fileID: 0}
    - target: {fileID: 986909044172000528, guid: c3a3c0a6ea5139146a41d01f0a09863a,
        type: 3}
      propertyPath: m_LocalEulerAnglesHint.y
      value: 90.003006
      objectReference: {fileID: 0}
    - target: {fileID: 986909044172000528, guid: c3a3c0a6ea5139146a41d01f0a09863a,
        type: 3}
      propertyPath: m_LocalEulerAnglesHint.z
      value: -93.245
      objectReference: {fileID: 0}
    - target: {fileID: 986909044172000528, guid: c3a3c0a6ea5139146a41d01f0a09863a,
        type: 3}
      propertyPath: m_LocalScale.x
      value: 88.62236
      objectReference: {fileID: 0}
    - target: {fileID: 986909044172000528, guid: c3a3c0a6ea5139146a41d01f0a09863a,
        type: 3}
      propertyPath: m_LocalScale.y
      value: 52.262997
      objectReference: {fileID: 0}
    - target: {fileID: 986909044172000528, guid: c3a3c0a6ea5139146a41d01f0a09863a,
        type: 3}
      propertyPath: m_LocalScale.z
      value: 52.262993
      objectReference: {fileID: 0}
    - target: {fileID: 2137595661256283532, guid: c3a3c0a6ea5139146a41d01f0a09863a,
        type: 3}
      propertyPath: sound
      value: 
      objectReference: {fileID: 0}
    - target: {fileID: 4317101921411858179, guid: c3a3c0a6ea5139146a41d01f0a09863a,
        type: 3}
      propertyPath: m_Name
      value: stage1-Plank_model_V2_light (11)
      objectReference: {fileID: 0}
    - target: {fileID: 4317101921411858179, guid: c3a3c0a6ea5139146a41d01f0a09863a,
        type: 3}
      propertyPath: m_Layer
      value: 18
      objectReference: {fileID: 0}
    - target: {fileID: 6997775314517860226, guid: c3a3c0a6ea5139146a41d01f0a09863a,
        type: 3}
      propertyPath: m_Enabled
      value: 0
      objectReference: {fileID: 0}
    - target: {fileID: 8136089404729014054, guid: c3a3c0a6ea5139146a41d01f0a09863a,
        type: 3}
      propertyPath: m_Mesh
      value: 
      objectReference: {fileID: -5495902117074765545, guid: 02e5131ce65b6d0419e144693901c120,
        type: 3}
    m_RemovedComponents:
    - {fileID: 1665987552805678472, guid: c3a3c0a6ea5139146a41d01f0a09863a, type: 3}
    - {fileID: 2137595661256283532, guid: c3a3c0a6ea5139146a41d01f0a09863a, type: 3}
  m_SourcePrefab: {fileID: 100100000, guid: c3a3c0a6ea5139146a41d01f0a09863a, type: 3}
--- !u!1 &3588903704360390320 stripped
GameObject:
  m_CorrespondingSourceObject: {fileID: 4317101921411858179, guid: c3a3c0a6ea5139146a41d01f0a09863a,
    type: 3}
  m_PrefabInstance: {fileID: 731612513486303667}
  m_PrefabAsset: {fileID: 0}
--- !u!4 &546344302321269923 stripped
Transform:
  m_CorrespondingSourceObject: {fileID: 986909044172000528, guid: c3a3c0a6ea5139146a41d01f0a09863a,
    type: 3}
  m_PrefabInstance: {fileID: 731612513486303667}
  m_PrefabAsset: {fileID: 0}
--- !u!1001 &731612513570874622
PrefabInstance:
  m_ObjectHideFlags: 0
  serializedVersion: 2
  m_Modification:
    m_TransformParent: {fileID: 731612513449728097}
    m_Modifications:
    - target: {fileID: 986909044172000528, guid: c3a3c0a6ea5139146a41d01f0a09863a,
        type: 3}
      propertyPath: m_LocalPosition.x
      value: -0.030999824
      objectReference: {fileID: 0}
    - target: {fileID: 986909044172000528, guid: c3a3c0a6ea5139146a41d01f0a09863a,
        type: 3}
      propertyPath: m_LocalPosition.y
      value: -0.1249437
      objectReference: {fileID: 0}
    - target: {fileID: 986909044172000528, guid: c3a3c0a6ea5139146a41d01f0a09863a,
        type: 3}
      propertyPath: m_LocalPosition.z
      value: 1.9940026
      objectReference: {fileID: 0}
    - target: {fileID: 986909044172000528, guid: c3a3c0a6ea5139146a41d01f0a09863a,
        type: 3}
      propertyPath: m_LocalRotation.x
      value: -0.45309877
      objectReference: {fileID: 0}
    - target: {fileID: 986909044172000528, guid: c3a3c0a6ea5139146a41d01f0a09863a,
        type: 3}
      propertyPath: m_LocalRotation.y
      value: 0.5427854
      objectReference: {fileID: 0}
    - target: {fileID: 986909044172000528, guid: c3a3c0a6ea5139146a41d01f0a09863a,
        type: 3}
      propertyPath: m_LocalRotation.z
      value: -0.4526536
      objectReference: {fileID: 0}
    - target: {fileID: 986909044172000528, guid: c3a3c0a6ea5139146a41d01f0a09863a,
        type: 3}
      propertyPath: m_LocalRotation.w
      value: 0.54331416
      objectReference: {fileID: 0}
    - target: {fileID: 986909044172000528, guid: c3a3c0a6ea5139146a41d01f0a09863a,
        type: 3}
      propertyPath: m_RootOrder
      value: 8
      objectReference: {fileID: 0}
    - target: {fileID: 986909044172000528, guid: c3a3c0a6ea5139146a41d01f0a09863a,
        type: 3}
      propertyPath: m_LocalEulerAnglesHint.x
      value: -0.055000003
      objectReference: {fileID: 0}
    - target: {fileID: 986909044172000528, guid: c3a3c0a6ea5139146a41d01f0a09863a,
        type: 3}
      propertyPath: m_LocalEulerAnglesHint.y
      value: 89.990005
      objectReference: {fileID: 0}
    - target: {fileID: 986909044172000528, guid: c3a3c0a6ea5139146a41d01f0a09863a,
        type: 3}
      propertyPath: m_LocalEulerAnglesHint.z
      value: -79.65301
      objectReference: {fileID: 0}
    - target: {fileID: 986909044172000528, guid: c3a3c0a6ea5139146a41d01f0a09863a,
        type: 3}
      propertyPath: m_LocalScale.x
      value: 88.62237
      objectReference: {fileID: 0}
    - target: {fileID: 986909044172000528, guid: c3a3c0a6ea5139146a41d01f0a09863a,
        type: 3}
      propertyPath: m_LocalScale.y
      value: 52.263
      objectReference: {fileID: 0}
    - target: {fileID: 986909044172000528, guid: c3a3c0a6ea5139146a41d01f0a09863a,
        type: 3}
      propertyPath: m_LocalScale.z
      value: 52.262993
      objectReference: {fileID: 0}
    - target: {fileID: 2137595661256283532, guid: c3a3c0a6ea5139146a41d01f0a09863a,
        type: 3}
      propertyPath: sound
      value: 
      objectReference: {fileID: 0}
    - target: {fileID: 4317101921411858179, guid: c3a3c0a6ea5139146a41d01f0a09863a,
        type: 3}
      propertyPath: m_Name
      value: stage1-Plank_model_V2_light (6)
      objectReference: {fileID: 0}
    - target: {fileID: 4317101921411858179, guid: c3a3c0a6ea5139146a41d01f0a09863a,
        type: 3}
      propertyPath: m_Layer
      value: 18
      objectReference: {fileID: 0}
    - target: {fileID: 6997775314517860226, guid: c3a3c0a6ea5139146a41d01f0a09863a,
        type: 3}
      propertyPath: m_Enabled
      value: 0
      objectReference: {fileID: 0}
    - target: {fileID: 8136089404729014054, guid: c3a3c0a6ea5139146a41d01f0a09863a,
        type: 3}
      propertyPath: m_Mesh
      value: 
      objectReference: {fileID: -5495902117074765545, guid: 02e5131ce65b6d0419e144693901c120,
        type: 3}
    m_RemovedComponents:
    - {fileID: 1665987552805678472, guid: c3a3c0a6ea5139146a41d01f0a09863a, type: 3}
    - {fileID: 2137595661256283532, guid: c3a3c0a6ea5139146a41d01f0a09863a, type: 3}
  m_SourcePrefab: {fileID: 100100000, guid: c3a3c0a6ea5139146a41d01f0a09863a, type: 3}
--- !u!1 &3588903703907113981 stripped
GameObject:
  m_CorrespondingSourceObject: {fileID: 4317101921411858179, guid: c3a3c0a6ea5139146a41d01f0a09863a,
    type: 3}
  m_PrefabInstance: {fileID: 731612513570874622}
  m_PrefabAsset: {fileID: 0}
--- !u!4 &546344302236756462 stripped
Transform:
  m_CorrespondingSourceObject: {fileID: 986909044172000528, guid: c3a3c0a6ea5139146a41d01f0a09863a,
    type: 3}
  m_PrefabInstance: {fileID: 731612513570874622}
  m_PrefabAsset: {fileID: 0}
--- !u!1001 &731612513818739413
PrefabInstance:
  m_ObjectHideFlags: 0
  serializedVersion: 2
  m_Modification:
    m_TransformParent: {fileID: 731612513449728097}
    m_Modifications:
    - target: {fileID: 986909044172000528, guid: c3a3c0a6ea5139146a41d01f0a09863a,
        type: 3}
      propertyPath: m_LocalPosition.x
      value: 0.100000694
      objectReference: {fileID: 0}
    - target: {fileID: 986909044172000528, guid: c3a3c0a6ea5139146a41d01f0a09863a,
        type: 3}
      propertyPath: m_LocalPosition.y
      value: -0.12576768
      objectReference: {fileID: 0}
    - target: {fileID: 986909044172000528, guid: c3a3c0a6ea5139146a41d01f0a09863a,
        type: 3}
      propertyPath: m_LocalPosition.z
      value: -1.6379979
      objectReference: {fileID: 0}
    - target: {fileID: 986909044172000528, guid: c3a3c0a6ea5139146a41d01f0a09863a,
        type: 3}
      propertyPath: m_LocalRotation.x
      value: -0.5050335
      objectReference: {fileID: 0}
    - target: {fileID: 986909044172000528, guid: c3a3c0a6ea5139146a41d01f0a09863a,
        type: 3}
      propertyPath: m_LocalRotation.y
      value: -0.49496254
      objectReference: {fileID: 0}
    - target: {fileID: 986909044172000528, guid: c3a3c0a6ea5139146a41d01f0a09863a,
        type: 3}
      propertyPath: m_LocalRotation.z
      value: -0.50546736
      objectReference: {fileID: 0}
    - target: {fileID: 986909044172000528, guid: c3a3c0a6ea5139146a41d01f0a09863a,
        type: 3}
      propertyPath: m_LocalRotation.w
      value: -0.49442497
      objectReference: {fileID: 0}
    - target: {fileID: 986909044172000528, guid: c3a3c0a6ea5139146a41d01f0a09863a,
        type: 3}
      propertyPath: m_RootOrder
      value: 6
      objectReference: {fileID: 0}
    - target: {fileID: 986909044172000528, guid: c3a3c0a6ea5139146a41d01f0a09863a,
        type: 3}
      propertyPath: m_LocalEulerAnglesHint.x
      value: -0.056
      objectReference: {fileID: 0}
    - target: {fileID: 986909044172000528, guid: c3a3c0a6ea5139146a41d01f0a09863a,
        type: 3}
      propertyPath: m_LocalEulerAnglesHint.y
      value: 90.005005
      objectReference: {fileID: 0}
    - target: {fileID: 986909044172000528, guid: c3a3c0a6ea5139146a41d01f0a09863a,
        type: 3}
      propertyPath: m_LocalEulerAnglesHint.z
      value: -268.78998
      objectReference: {fileID: 0}
    - target: {fileID: 986909044172000528, guid: c3a3c0a6ea5139146a41d01f0a09863a,
        type: 3}
      propertyPath: m_LocalScale.x
      value: 88.62237
      objectReference: {fileID: 0}
    - target: {fileID: 986909044172000528, guid: c3a3c0a6ea5139146a41d01f0a09863a,
        type: 3}
      propertyPath: m_LocalScale.y
      value: 52.262993
      objectReference: {fileID: 0}
    - target: {fileID: 986909044172000528, guid: c3a3c0a6ea5139146a41d01f0a09863a,
        type: 3}
      propertyPath: m_LocalScale.z
      value: 52.262993
      objectReference: {fileID: 0}
    - target: {fileID: 2137595661256283532, guid: c3a3c0a6ea5139146a41d01f0a09863a,
        type: 3}
      propertyPath: sound
      value: 
      objectReference: {fileID: 0}
    - target: {fileID: 4317101921411858179, guid: c3a3c0a6ea5139146a41d01f0a09863a,
        type: 3}
      propertyPath: m_Name
      value: stage1-Plank_model_V2_light (9)
      objectReference: {fileID: 0}
    - target: {fileID: 4317101921411858179, guid: c3a3c0a6ea5139146a41d01f0a09863a,
        type: 3}
      propertyPath: m_Layer
      value: 18
      objectReference: {fileID: 0}
    - target: {fileID: 6997775314517860226, guid: c3a3c0a6ea5139146a41d01f0a09863a,
        type: 3}
      propertyPath: m_Enabled
      value: 0
      objectReference: {fileID: 0}
    - target: {fileID: 8136089404729014054, guid: c3a3c0a6ea5139146a41d01f0a09863a,
        type: 3}
      propertyPath: m_Mesh
      value: 
      objectReference: {fileID: -5495902117074765545, guid: 02e5131ce65b6d0419e144693901c120,
        type: 3}
    m_RemovedComponents:
    - {fileID: 1665987552805678472, guid: c3a3c0a6ea5139146a41d01f0a09863a, type: 3}
    - {fileID: 2137595661256283532, guid: c3a3c0a6ea5139146a41d01f0a09863a, type: 3}
  m_SourcePrefab: {fileID: 100100000, guid: c3a3c0a6ea5139146a41d01f0a09863a, type: 3}
--- !u!4 &546344302106349509 stripped
Transform:
  m_CorrespondingSourceObject: {fileID: 986909044172000528, guid: c3a3c0a6ea5139146a41d01f0a09863a,
    type: 3}
  m_PrefabInstance: {fileID: 731612513818739413}
  m_PrefabAsset: {fileID: 0}
--- !u!1 &3588903704025988566 stripped
GameObject:
  m_CorrespondingSourceObject: {fileID: 4317101921411858179, guid: c3a3c0a6ea5139146a41d01f0a09863a,
    type: 3}
  m_PrefabInstance: {fileID: 731612513818739413}
  m_PrefabAsset: {fileID: 0}
