%YAML 1.1
%TAG !u! tag:unity3d.com,2011:
--- !u!1 &9066245271152074811
GameObject:
  m_ObjectHideFlags: 0
  m_CorrespondingSourceObject: {fileID: 0}
  m_PrefabInstance: {fileID: 0}
  m_PrefabAsset: {fileID: 0}
  serializedVersion: 6
  m_Component:
  - component: {fileID: 9066245271152074808}
  m_Layer: 0
  m_Name: GrassPatch
  m_TagString: Untagged
  m_Icon: {fileID: 0}
  m_NavMeshLayer: 0
  m_StaticEditorFlags: 0
  m_IsActive: 1
--- !u!4 &9066245271152074808
Transform:
  m_ObjectHideFlags: 0
  m_CorrespondingSourceObject: {fileID: 0}
  m_PrefabInstance: {fileID: 0}
  m_PrefabAsset: {fileID: 0}
  m_GameObject: {fileID: 9066245271152074811}
  m_LocalRotation: {x: -0, y: 0.6282447, z: -0, w: 0.7780158}
  m_LocalPosition: {x: -14.468, y: -0.043000013, z: -17.653}
  m_LocalScale: {x: 1.2945999, y: 1.2946, z: 1.2945999}
  m_Children:
  - {fileID: 5983297269303277929}
  - {fileID: 5983297268001105928}
  - {fileID: 5983297269031276135}
  - {fileID: 5983297267944182308}
  - {fileID: 5983297268093130176}
  - {fileID: 5983297269787314026}
  - {fileID: 5983297268341780887}
  - {fileID: 5983297267833828096}
  - {fileID: 5983297268023583680}
  - {fileID: 4098859675533925774}
  - {fileID: 6724062246700643878}
  - {fileID: 8012159197200627703}
  - {fileID: 3462645431992664233}
  - {fileID: 6683432882680770639}
  - {fileID: 2527618954124337195}
  - {fileID: 5187954509051987263}
  - {fileID: 3699392269939008118}
  - {fileID: 8220892312122393188}
  - {fileID: 7909239733868550490}
  - {fileID: 6121317105200264645}
  - {fileID: 8252079296194212993}
  - {fileID: 5990878447382671020}
  - {fileID: 3886709730554011087}
  - {fileID: 1693522929812846167}
  m_Father: {fileID: 0}
  m_RootOrder: 0
  m_LocalEulerAnglesHint: {x: 0, y: 0, z: 0}
--- !u!1001 &993852049213450176
PrefabInstance:
  m_ObjectHideFlags: 0
  serializedVersion: 2
  m_Modification:
    m_TransformParent: {fileID: 9066245271152074808}
    m_Modifications:
    - target: {fileID: 1766096018520126968, guid: 855b5773551235c409bf709528c1290b,
        type: 3}
      propertyPath: m_Name
      value: Environment_Grass_Model_V1 (17)
      objectReference: {fileID: 0}
    - target: {fileID: 3375790007620552683, guid: 855b5773551235c409bf709528c1290b,
        type: 3}
      propertyPath: m_LocalPosition.x
      value: -0.037
      objectReference: {fileID: 0}
    - target: {fileID: 3375790007620552683, guid: 855b5773551235c409bf709528c1290b,
        type: 3}
      propertyPath: m_LocalPosition.y
      value: -0.0010000098
      objectReference: {fileID: 0}
    - target: {fileID: 3375790007620552683, guid: 855b5773551235c409bf709528c1290b,
        type: 3}
      propertyPath: m_LocalPosition.z
      value: 0.689
      objectReference: {fileID: 0}
    - target: {fileID: 3375790007620552683, guid: 855b5773551235c409bf709528c1290b,
        type: 3}
      propertyPath: m_LocalRotation.x
      value: -0
      objectReference: {fileID: 0}
    - target: {fileID: 3375790007620552683, guid: 855b5773551235c409bf709528c1290b,
        type: 3}
      propertyPath: m_LocalRotation.y
      value: 0.60630745
      objectReference: {fileID: 0}
    - target: {fileID: 3375790007620552683, guid: 855b5773551235c409bf709528c1290b,
        type: 3}
      propertyPath: m_LocalRotation.z
      value: -0
      objectReference: {fileID: 0}
    - target: {fileID: 3375790007620552683, guid: 855b5773551235c409bf709528c1290b,
        type: 3}
      propertyPath: m_LocalRotation.w
      value: 0.7952303
      objectReference: {fileID: 0}
    - target: {fileID: 3375790007620552683, guid: 855b5773551235c409bf709528c1290b,
        type: 3}
      propertyPath: m_RootOrder
      value: 14
      objectReference: {fileID: 0}
    - target: {fileID: 3375790007620552683, guid: 855b5773551235c409bf709528c1290b,
        type: 3}
      propertyPath: m_LocalEulerAnglesHint.x
      value: 0
      objectReference: {fileID: 0}
    - target: {fileID: 3375790007620552683, guid: 855b5773551235c409bf709528c1290b,
        type: 3}
      propertyPath: m_LocalEulerAnglesHint.y
      value: 74.646
      objectReference: {fileID: 0}
    - target: {fileID: 3375790007620552683, guid: 855b5773551235c409bf709528c1290b,
        type: 3}
      propertyPath: m_LocalEulerAnglesHint.z
      value: 0
      objectReference: {fileID: 0}
    - target: {fileID: 3375790007620552683, guid: 855b5773551235c409bf709528c1290b,
        type: 3}
      propertyPath: m_LocalScale.x
      value: 1
      objectReference: {fileID: 0}
    - target: {fileID: 3375790007620552683, guid: 855b5773551235c409bf709528c1290b,
        type: 3}
      propertyPath: m_LocalScale.y
      value: 1
      objectReference: {fileID: 0}
    - target: {fileID: 3375790007620552683, guid: 855b5773551235c409bf709528c1290b,
        type: 3}
      propertyPath: m_LocalScale.z
      value: 1
      objectReference: {fileID: 0}
    m_RemovedComponents: []
  m_SourcePrefab: {fileID: 100100000, guid: 855b5773551235c409bf709528c1290b, type: 3}
--- !u!4 &2527618954124337195 stripped
Transform:
  m_CorrespondingSourceObject: {fileID: 3375790007620552683, guid: 855b5773551235c409bf709528c1290b,
    type: 3}
  m_PrefabInstance: {fileID: 993852049213450176}
  m_PrefabAsset: {fileID: 0}
--- !u!1001 &1601913712742373989
PrefabInstance:
  m_ObjectHideFlags: 0
  serializedVersion: 2
  m_Modification:
    m_TransformParent: {fileID: 9066245271152074808}
    m_Modifications:
    - target: {fileID: 1766096018520126968, guid: 855b5773551235c409bf709528c1290b,
        type: 3}
      propertyPath: m_Name
      value: Environment_Grass_Model_V1 (12)
      objectReference: {fileID: 0}
    - target: {fileID: 3375790007620552683, guid: 855b5773551235c409bf709528c1290b,
        type: 3}
      propertyPath: m_LocalPosition.x
      value: -0.79
      objectReference: {fileID: 0}
    - target: {fileID: 3375790007620552683, guid: 855b5773551235c409bf709528c1290b,
        type: 3}
      propertyPath: m_LocalPosition.y
      value: -0.001
      objectReference: {fileID: 0}
    - target: {fileID: 3375790007620552683, guid: 855b5773551235c409bf709528c1290b,
        type: 3}
      propertyPath: m_LocalPosition.z
      value: -0.45
      objectReference: {fileID: 0}
    - target: {fileID: 3375790007620552683, guid: 855b5773551235c409bf709528c1290b,
        type: 3}
      propertyPath: m_LocalRotation.x
      value: -0
      objectReference: {fileID: 0}
    - target: {fileID: 3375790007620552683, guid: 855b5773551235c409bf709528c1290b,
        type: 3}
      propertyPath: m_LocalRotation.y
      value: -0
      objectReference: {fileID: 0}
    - target: {fileID: 3375790007620552683, guid: 855b5773551235c409bf709528c1290b,
        type: 3}
      propertyPath: m_LocalRotation.z
      value: -0
      objectReference: {fileID: 0}
    - target: {fileID: 3375790007620552683, guid: 855b5773551235c409bf709528c1290b,
        type: 3}
      propertyPath: m_LocalRotation.w
      value: 1
      objectReference: {fileID: 0}
    - target: {fileID: 3375790007620552683, guid: 855b5773551235c409bf709528c1290b,
        type: 3}
      propertyPath: m_RootOrder
      value: 9
      objectReference: {fileID: 0}
    - target: {fileID: 3375790007620552683, guid: 855b5773551235c409bf709528c1290b,
        type: 3}
      propertyPath: m_LocalEulerAnglesHint.x
      value: 0
      objectReference: {fileID: 0}
    - target: {fileID: 3375790007620552683, guid: 855b5773551235c409bf709528c1290b,
        type: 3}
      propertyPath: m_LocalEulerAnglesHint.y
      value: 77.841
      objectReference: {fileID: 0}
    - target: {fileID: 3375790007620552683, guid: 855b5773551235c409bf709528c1290b,
        type: 3}
      propertyPath: m_LocalEulerAnglesHint.z
      value: 0
      objectReference: {fileID: 0}
    - target: {fileID: 3375790007620552683, guid: 855b5773551235c409bf709528c1290b,
        type: 3}
      propertyPath: m_LocalScale.x
      value: 1
      objectReference: {fileID: 0}
    - target: {fileID: 3375790007620552683, guid: 855b5773551235c409bf709528c1290b,
        type: 3}
      propertyPath: m_LocalScale.y
      value: 1
      objectReference: {fileID: 0}
    - target: {fileID: 3375790007620552683, guid: 855b5773551235c409bf709528c1290b,
        type: 3}
      propertyPath: m_LocalScale.z
      value: 1
      objectReference: {fileID: 0}
    m_RemovedComponents: []
  m_SourcePrefab: {fileID: 100100000, guid: 855b5773551235c409bf709528c1290b, type: 3}
--- !u!4 &4098859675533925774 stripped
Transform:
  m_CorrespondingSourceObject: {fileID: 3375790007620552683, guid: 855b5773551235c409bf709528c1290b,
    type: 3}
  m_PrefabInstance: {fileID: 1601913712742373989}
  m_PrefabAsset: {fileID: 0}
--- !u!1001 &1957212920600369700
PrefabInstance:
  m_ObjectHideFlags: 0
  serializedVersion: 2
  m_Modification:
    m_TransformParent: {fileID: 9066245271152074808}
    m_Modifications:
    - target: {fileID: 1766096018520126968, guid: 855b5773551235c409bf709528c1290b,
        type: 3}
      propertyPath: m_Name
      value: Environment_Grass_Model_V1 (25)
      objectReference: {fileID: 0}
    - target: {fileID: 3375790007620552683, guid: 855b5773551235c409bf709528c1290b,
        type: 3}
      propertyPath: m_LocalPosition.x
      value: -0.6
      objectReference: {fileID: 0}
    - target: {fileID: 3375790007620552683, guid: 855b5773551235c409bf709528c1290b,
        type: 3}
      propertyPath: m_LocalPosition.y
      value: -0.0010000098
      objectReference: {fileID: 0}
    - target: {fileID: 3375790007620552683, guid: 855b5773551235c409bf709528c1290b,
        type: 3}
      propertyPath: m_LocalPosition.z
      value: 0.41
      objectReference: {fileID: 0}
    - target: {fileID: 3375790007620552683, guid: 855b5773551235c409bf709528c1290b,
        type: 3}
      propertyPath: m_LocalRotation.x
      value: -0
      objectReference: {fileID: 0}
    - target: {fileID: 3375790007620552683, guid: 855b5773551235c409bf709528c1290b,
        type: 3}
      propertyPath: m_LocalRotation.y
      value: 0.2513649
      objectReference: {fileID: 0}
    - target: {fileID: 3375790007620552683, guid: 855b5773551235c409bf709528c1290b,
        type: 3}
      propertyPath: m_LocalRotation.z
      value: -0
      objectReference: {fileID: 0}
    - target: {fileID: 3375790007620552683, guid: 855b5773551235c409bf709528c1290b,
        type: 3}
      propertyPath: m_LocalRotation.w
      value: 0.9678924
      objectReference: {fileID: 0}
    - target: {fileID: 3375790007620552683, guid: 855b5773551235c409bf709528c1290b,
        type: 3}
      propertyPath: m_RootOrder
      value: 22
      objectReference: {fileID: 0}
    - target: {fileID: 3375790007620552683, guid: 855b5773551235c409bf709528c1290b,
        type: 3}
      propertyPath: m_LocalEulerAnglesHint.x
      value: 0
      objectReference: {fileID: 0}
    - target: {fileID: 3375790007620552683, guid: 855b5773551235c409bf709528c1290b,
        type: 3}
      propertyPath: m_LocalEulerAnglesHint.y
      value: 29.117
      objectReference: {fileID: 0}
    - target: {fileID: 3375790007620552683, guid: 855b5773551235c409bf709528c1290b,
        type: 3}
      propertyPath: m_LocalEulerAnglesHint.z
      value: 0
      objectReference: {fileID: 0}
    - target: {fileID: 3375790007620552683, guid: 855b5773551235c409bf709528c1290b,
        type: 3}
      propertyPath: m_LocalScale.x
      value: 1
      objectReference: {fileID: 0}
    - target: {fileID: 3375790007620552683, guid: 855b5773551235c409bf709528c1290b,
        type: 3}
      propertyPath: m_LocalScale.y
      value: 1
      objectReference: {fileID: 0}
    - target: {fileID: 3375790007620552683, guid: 855b5773551235c409bf709528c1290b,
        type: 3}
      propertyPath: m_LocalScale.z
      value: 1
      objectReference: {fileID: 0}
    m_RemovedComponents: []
  m_SourcePrefab: {fileID: 100100000, guid: 855b5773551235c409bf709528c1290b, type: 3}
--- !u!4 &3886709730554011087 stripped
Transform:
  m_CorrespondingSourceObject: {fileID: 3375790007620552683, guid: 855b5773551235c409bf709528c1290b,
    type: 3}
  m_PrefabInstance: {fileID: 1957212920600369700}
  m_PrefabAsset: {fileID: 0}
--- !u!1001 &2130157041359201693
PrefabInstance:
  m_ObjectHideFlags: 0
  serializedVersion: 2
  m_Modification:
    m_TransformParent: {fileID: 9066245271152074808}
    m_Modifications:
    - target: {fileID: 1766096018520126968, guid: 855b5773551235c409bf709528c1290b,
        type: 3}
      propertyPath: m_Name
      value: Environment_Grass_Model_V1 (19)
      objectReference: {fileID: 0}
    - target: {fileID: 3375790007620552683, guid: 855b5773551235c409bf709528c1290b,
        type: 3}
      propertyPath: m_LocalPosition.x
      value: 1.014
      objectReference: {fileID: 0}
    - target: {fileID: 3375790007620552683, guid: 855b5773551235c409bf709528c1290b,
        type: 3}
      propertyPath: m_LocalPosition.y
      value: -0.0010000098
      objectReference: {fileID: 0}
    - target: {fileID: 3375790007620552683, guid: 855b5773551235c409bf709528c1290b,
        type: 3}
      propertyPath: m_LocalPosition.z
      value: 0.584
      objectReference: {fileID: 0}
    - target: {fileID: 3375790007620552683, guid: 855b5773551235c409bf709528c1290b,
        type: 3}
      propertyPath: m_LocalRotation.x
      value: -0
      objectReference: {fileID: 0}
    - target: {fileID: 3375790007620552683, guid: 855b5773551235c409bf709528c1290b,
        type: 3}
      propertyPath: m_LocalRotation.y
      value: 0.2513649
      objectReference: {fileID: 0}
    - target: {fileID: 3375790007620552683, guid: 855b5773551235c409bf709528c1290b,
        type: 3}
      propertyPath: m_LocalRotation.z
      value: -0
      objectReference: {fileID: 0}
    - target: {fileID: 3375790007620552683, guid: 855b5773551235c409bf709528c1290b,
        type: 3}
      propertyPath: m_LocalRotation.w
      value: 0.9678924
      objectReference: {fileID: 0}
    - target: {fileID: 3375790007620552683, guid: 855b5773551235c409bf709528c1290b,
        type: 3}
      propertyPath: m_RootOrder
      value: 16
      objectReference: {fileID: 0}
    - target: {fileID: 3375790007620552683, guid: 855b5773551235c409bf709528c1290b,
        type: 3}
      propertyPath: m_LocalEulerAnglesHint.x
      value: 0
      objectReference: {fileID: 0}
    - target: {fileID: 3375790007620552683, guid: 855b5773551235c409bf709528c1290b,
        type: 3}
      propertyPath: m_LocalEulerAnglesHint.y
      value: 29.117
      objectReference: {fileID: 0}
    - target: {fileID: 3375790007620552683, guid: 855b5773551235c409bf709528c1290b,
        type: 3}
      propertyPath: m_LocalEulerAnglesHint.z
      value: 0
      objectReference: {fileID: 0}
    - target: {fileID: 3375790007620552683, guid: 855b5773551235c409bf709528c1290b,
        type: 3}
      propertyPath: m_LocalScale.x
      value: 1
      objectReference: {fileID: 0}
    - target: {fileID: 3375790007620552683, guid: 855b5773551235c409bf709528c1290b,
        type: 3}
      propertyPath: m_LocalScale.y
      value: 1
      objectReference: {fileID: 0}
    - target: {fileID: 3375790007620552683, guid: 855b5773551235c409bf709528c1290b,
        type: 3}
      propertyPath: m_LocalScale.z
      value: 1
      objectReference: {fileID: 0}
    m_RemovedComponents: []
  m_SourcePrefab: {fileID: 100100000, guid: 855b5773551235c409bf709528c1290b, type: 3}
--- !u!4 &3699392269939008118 stripped
Transform:
  m_CorrespondingSourceObject: {fileID: 3375790007620552683, guid: 855b5773551235c409bf709528c1290b,
    type: 3}
  m_PrefabInstance: {fileID: 2130157041359201693}
  m_PrefabAsset: {fileID: 0}
--- !u!1001 &2221680397702661954
PrefabInstance:
  m_ObjectHideFlags: 0
  serializedVersion: 2
  m_Modification:
    m_TransformParent: {fileID: 9066245271152074808}
    m_Modifications:
    - target: {fileID: 1766096018520126968, guid: 855b5773551235c409bf709528c1290b,
        type: 3}
      propertyPath: m_Name
      value: Environment_Grass_Model_V1 (15)
      objectReference: {fileID: 0}
    - target: {fileID: 3375790007620552683, guid: 855b5773551235c409bf709528c1290b,
        type: 3}
      propertyPath: m_LocalPosition.x
      value: 0.23
      objectReference: {fileID: 0}
    - target: {fileID: 3375790007620552683, guid: 855b5773551235c409bf709528c1290b,
        type: 3}
      propertyPath: m_LocalPosition.y
      value: -0.001
      objectReference: {fileID: 0}
    - target: {fileID: 3375790007620552683, guid: 855b5773551235c409bf709528c1290b,
        type: 3}
      propertyPath: m_LocalPosition.z
      value: 0.23
      objectReference: {fileID: 0}
    - target: {fileID: 3375790007620552683, guid: 855b5773551235c409bf709528c1290b,
        type: 3}
      propertyPath: m_LocalRotation.x
      value: -0
      objectReference: {fileID: 0}
    - target: {fileID: 3375790007620552683, guid: 855b5773551235c409bf709528c1290b,
        type: 3}
      propertyPath: m_LocalRotation.y
      value: -0
      objectReference: {fileID: 0}
    - target: {fileID: 3375790007620552683, guid: 855b5773551235c409bf709528c1290b,
        type: 3}
      propertyPath: m_LocalRotation.z
      value: -0
      objectReference: {fileID: 0}
    - target: {fileID: 3375790007620552683, guid: 855b5773551235c409bf709528c1290b,
        type: 3}
      propertyPath: m_LocalRotation.w
      value: 1
      objectReference: {fileID: 0}
    - target: {fileID: 3375790007620552683, guid: 855b5773551235c409bf709528c1290b,
        type: 3}
      propertyPath: m_RootOrder
      value: 12
      objectReference: {fileID: 0}
    - target: {fileID: 3375790007620552683, guid: 855b5773551235c409bf709528c1290b,
        type: 3}
      propertyPath: m_LocalEulerAnglesHint.x
      value: 0
      objectReference: {fileID: 0}
    - target: {fileID: 3375790007620552683, guid: 855b5773551235c409bf709528c1290b,
        type: 3}
      propertyPath: m_LocalEulerAnglesHint.y
      value: 77.841
      objectReference: {fileID: 0}
    - target: {fileID: 3375790007620552683, guid: 855b5773551235c409bf709528c1290b,
        type: 3}
      propertyPath: m_LocalEulerAnglesHint.z
      value: 0
      objectReference: {fileID: 0}
    - target: {fileID: 3375790007620552683, guid: 855b5773551235c409bf709528c1290b,
        type: 3}
      propertyPath: m_LocalScale.x
      value: 1
      objectReference: {fileID: 0}
    - target: {fileID: 3375790007620552683, guid: 855b5773551235c409bf709528c1290b,
        type: 3}
      propertyPath: m_LocalScale.y
      value: 1
      objectReference: {fileID: 0}
    - target: {fileID: 3375790007620552683, guid: 855b5773551235c409bf709528c1290b,
        type: 3}
      propertyPath: m_LocalScale.z
      value: 1
      objectReference: {fileID: 0}
    m_RemovedComponents: []
  m_SourcePrefab: {fileID: 100100000, guid: 855b5773551235c409bf709528c1290b, type: 3}
--- !u!4 &3462645431992664233 stripped
Transform:
  m_CorrespondingSourceObject: {fileID: 3375790007620552683, guid: 855b5773551235c409bf709528c1290b,
    type: 3}
  m_PrefabInstance: {fileID: 2221680397702661954}
  m_PrefabAsset: {fileID: 0}
--- !u!1001 &4132524355495162300
PrefabInstance:
  m_ObjectHideFlags: 0
  serializedVersion: 2
  m_Modification:
    m_TransformParent: {fileID: 9066245271152074808}
    m_Modifications:
    - target: {fileID: 1766096018520126968, guid: 855b5773551235c409bf709528c1290b,
        type: 3}
      propertyPath: m_Name
      value: Environment_Grass_Model_V1 (26)
      objectReference: {fileID: 0}
    - target: {fileID: 3375790007620552683, guid: 855b5773551235c409bf709528c1290b,
        type: 3}
      propertyPath: m_LocalPosition.x
      value: -0.6
      objectReference: {fileID: 0}
    - target: {fileID: 3375790007620552683, guid: 855b5773551235c409bf709528c1290b,
        type: 3}
      propertyPath: m_LocalPosition.y
      value: -0.0010000098
      objectReference: {fileID: 0}
    - target: {fileID: 3375790007620552683, guid: 855b5773551235c409bf709528c1290b,
        type: 3}
      propertyPath: m_LocalPosition.z
      value: 0.41
      objectReference: {fileID: 0}
    - target: {fileID: 3375790007620552683, guid: 855b5773551235c409bf709528c1290b,
        type: 3}
      propertyPath: m_LocalRotation.x
      value: -0
      objectReference: {fileID: 0}
    - target: {fileID: 3375790007620552683, guid: 855b5773551235c409bf709528c1290b,
        type: 3}
      propertyPath: m_LocalRotation.y
      value: 0.60630745
      objectReference: {fileID: 0}
    - target: {fileID: 3375790007620552683, guid: 855b5773551235c409bf709528c1290b,
        type: 3}
      propertyPath: m_LocalRotation.z
      value: -0
      objectReference: {fileID: 0}
    - target: {fileID: 3375790007620552683, guid: 855b5773551235c409bf709528c1290b,
        type: 3}
      propertyPath: m_LocalRotation.w
      value: 0.7952303
      objectReference: {fileID: 0}
    - target: {fileID: 3375790007620552683, guid: 855b5773551235c409bf709528c1290b,
        type: 3}
      propertyPath: m_RootOrder
      value: 23
      objectReference: {fileID: 0}
    - target: {fileID: 3375790007620552683, guid: 855b5773551235c409bf709528c1290b,
        type: 3}
      propertyPath: m_LocalEulerAnglesHint.x
      value: 0
      objectReference: {fileID: 0}
    - target: {fileID: 3375790007620552683, guid: 855b5773551235c409bf709528c1290b,
        type: 3}
      propertyPath: m_LocalEulerAnglesHint.y
      value: 74.646
      objectReference: {fileID: 0}
    - target: {fileID: 3375790007620552683, guid: 855b5773551235c409bf709528c1290b,
        type: 3}
      propertyPath: m_LocalEulerAnglesHint.z
      value: 0
      objectReference: {fileID: 0}
    - target: {fileID: 3375790007620552683, guid: 855b5773551235c409bf709528c1290b,
        type: 3}
      propertyPath: m_LocalScale.x
      value: 1
      objectReference: {fileID: 0}
    - target: {fileID: 3375790007620552683, guid: 855b5773551235c409bf709528c1290b,
        type: 3}
      propertyPath: m_LocalScale.y
      value: 1
      objectReference: {fileID: 0}
    - target: {fileID: 3375790007620552683, guid: 855b5773551235c409bf709528c1290b,
        type: 3}
      propertyPath: m_LocalScale.z
      value: 1
      objectReference: {fileID: 0}
    m_RemovedComponents: []
  m_SourcePrefab: {fileID: 100100000, guid: 855b5773551235c409bf709528c1290b, type: 3}
--- !u!4 &1693522929812846167 stripped
Transform:
  m_CorrespondingSourceObject: {fileID: 3375790007620552683, guid: 855b5773551235c409bf709528c1290b,
    type: 3}
  m_PrefabInstance: {fileID: 4132524355495162300}
  m_PrefabAsset: {fileID: 0}
--- !u!1001 &4749572982648401948
PrefabInstance:
  m_ObjectHideFlags: 0
  serializedVersion: 2
  m_Modification:
    m_TransformParent: {fileID: 9066245271152074808}
    m_Modifications:
    - target: {fileID: 1766096018520126968, guid: 855b5773551235c409bf709528c1290b,
        type: 3}
      propertyPath: m_Name
      value: Environment_Grass_Model_V1 (14)
      objectReference: {fileID: 0}
    - target: {fileID: 3375790007620552683, guid: 855b5773551235c409bf709528c1290b,
        type: 3}
      propertyPath: m_LocalPosition.x
      value: -0.79
      objectReference: {fileID: 0}
    - target: {fileID: 3375790007620552683, guid: 855b5773551235c409bf709528c1290b,
        type: 3}
      propertyPath: m_LocalPosition.y
      value: -0.0010000098
      objectReference: {fileID: 0}
    - target: {fileID: 3375790007620552683, guid: 855b5773551235c409bf709528c1290b,
        type: 3}
      propertyPath: m_LocalPosition.z
      value: -0.45
      objectReference: {fileID: 0}
    - target: {fileID: 3375790007620552683, guid: 855b5773551235c409bf709528c1290b,
        type: 3}
      propertyPath: m_LocalRotation.x
      value: -0
      objectReference: {fileID: 0}
    - target: {fileID: 3375790007620552683, guid: 855b5773551235c409bf709528c1290b,
        type: 3}
      propertyPath: m_LocalRotation.y
      value: 0.60630745
      objectReference: {fileID: 0}
    - target: {fileID: 3375790007620552683, guid: 855b5773551235c409bf709528c1290b,
        type: 3}
      propertyPath: m_LocalRotation.z
      value: -0
      objectReference: {fileID: 0}
    - target: {fileID: 3375790007620552683, guid: 855b5773551235c409bf709528c1290b,
        type: 3}
      propertyPath: m_LocalRotation.w
      value: 0.7952303
      objectReference: {fileID: 0}
    - target: {fileID: 3375790007620552683, guid: 855b5773551235c409bf709528c1290b,
        type: 3}
      propertyPath: m_RootOrder
      value: 11
      objectReference: {fileID: 0}
    - target: {fileID: 3375790007620552683, guid: 855b5773551235c409bf709528c1290b,
        type: 3}
      propertyPath: m_LocalEulerAnglesHint.x
      value: 0
      objectReference: {fileID: 0}
    - target: {fileID: 3375790007620552683, guid: 855b5773551235c409bf709528c1290b,
        type: 3}
      propertyPath: m_LocalEulerAnglesHint.y
      value: 74.646
      objectReference: {fileID: 0}
    - target: {fileID: 3375790007620552683, guid: 855b5773551235c409bf709528c1290b,
        type: 3}
      propertyPath: m_LocalEulerAnglesHint.z
      value: 0
      objectReference: {fileID: 0}
    - target: {fileID: 3375790007620552683, guid: 855b5773551235c409bf709528c1290b,
        type: 3}
      propertyPath: m_LocalScale.x
      value: 1
      objectReference: {fileID: 0}
    - target: {fileID: 3375790007620552683, guid: 855b5773551235c409bf709528c1290b,
        type: 3}
      propertyPath: m_LocalScale.y
      value: 1
      objectReference: {fileID: 0}
    - target: {fileID: 3375790007620552683, guid: 855b5773551235c409bf709528c1290b,
        type: 3}
      propertyPath: m_LocalScale.z
      value: 1
      objectReference: {fileID: 0}
    m_RemovedComponents: []
  m_SourcePrefab: {fileID: 100100000, guid: 855b5773551235c409bf709528c1290b, type: 3}
--- !u!4 &8012159197200627703 stripped
Transform:
  m_CorrespondingSourceObject: {fileID: 3375790007620552683, guid: 855b5773551235c409bf709528c1290b,
    type: 3}
  m_PrefabInstance: {fileID: 4749572982648401948}
  m_PrefabAsset: {fileID: 0}
--- !u!1001 &4835305253176516273
PrefabInstance:
  m_ObjectHideFlags: 0
  serializedVersion: 2
  m_Modification:
    m_TransformParent: {fileID: 9066245271152074808}
    m_Modifications:
    - target: {fileID: 1766096018520126968, guid: 855b5773551235c409bf709528c1290b,
        type: 3}
      propertyPath: m_Name
      value: Environment_Grass_Model_V1 (21)
      objectReference: {fileID: 0}
    - target: {fileID: 3375790007620552683, guid: 855b5773551235c409bf709528c1290b,
        type: 3}
      propertyPath: m_LocalPosition.x
      value: 1.81
      objectReference: {fileID: 0}
    - target: {fileID: 3375790007620552683, guid: 855b5773551235c409bf709528c1290b,
        type: 3}
      propertyPath: m_LocalPosition.y
      value: -0.001
      objectReference: {fileID: 0}
    - target: {fileID: 3375790007620552683, guid: 855b5773551235c409bf709528c1290b,
        type: 3}
      propertyPath: m_LocalPosition.z
      value: -0.2
      objectReference: {fileID: 0}
    - target: {fileID: 3375790007620552683, guid: 855b5773551235c409bf709528c1290b,
        type: 3}
      propertyPath: m_LocalRotation.x
      value: -0
      objectReference: {fileID: 0}
    - target: {fileID: 3375790007620552683, guid: 855b5773551235c409bf709528c1290b,
        type: 3}
      propertyPath: m_LocalRotation.y
      value: -0
      objectReference: {fileID: 0}
    - target: {fileID: 3375790007620552683, guid: 855b5773551235c409bf709528c1290b,
        type: 3}
      propertyPath: m_LocalRotation.z
      value: -0
      objectReference: {fileID: 0}
    - target: {fileID: 3375790007620552683, guid: 855b5773551235c409bf709528c1290b,
        type: 3}
      propertyPath: m_LocalRotation.w
      value: 1
      objectReference: {fileID: 0}
    - target: {fileID: 3375790007620552683, guid: 855b5773551235c409bf709528c1290b,
        type: 3}
      propertyPath: m_RootOrder
      value: 18
      objectReference: {fileID: 0}
    - target: {fileID: 3375790007620552683, guid: 855b5773551235c409bf709528c1290b,
        type: 3}
      propertyPath: m_LocalEulerAnglesHint.x
      value: 0
      objectReference: {fileID: 0}
    - target: {fileID: 3375790007620552683, guid: 855b5773551235c409bf709528c1290b,
        type: 3}
      propertyPath: m_LocalEulerAnglesHint.y
      value: 77.841
      objectReference: {fileID: 0}
    - target: {fileID: 3375790007620552683, guid: 855b5773551235c409bf709528c1290b,
        type: 3}
      propertyPath: m_LocalEulerAnglesHint.z
      value: 0
      objectReference: {fileID: 0}
    - target: {fileID: 3375790007620552683, guid: 855b5773551235c409bf709528c1290b,
        type: 3}
      propertyPath: m_LocalScale.x
      value: 1
      objectReference: {fileID: 0}
    - target: {fileID: 3375790007620552683, guid: 855b5773551235c409bf709528c1290b,
        type: 3}
      propertyPath: m_LocalScale.y
      value: 1
      objectReference: {fileID: 0}
    - target: {fileID: 3375790007620552683, guid: 855b5773551235c409bf709528c1290b,
        type: 3}
      propertyPath: m_LocalScale.z
      value: 1
      objectReference: {fileID: 0}
    m_RemovedComponents: []
  m_SourcePrefab: {fileID: 100100000, guid: 855b5773551235c409bf709528c1290b, type: 3}
--- !u!4 &7909239733868550490 stripped
Transform:
  m_CorrespondingSourceObject: {fileID: 3375790007620552683, guid: 855b5773551235c409bf709528c1290b,
    type: 3}
  m_PrefabInstance: {fileID: 4835305253176516273}
  m_PrefabAsset: {fileID: 0}
--- !u!1001 &6655318896226841450
PrefabInstance:
  m_ObjectHideFlags: 0
  serializedVersion: 2
  m_Modification:
    m_TransformParent: {fileID: 9066245271152074808}
    m_Modifications:
    - target: {fileID: 1766096018520126968, guid: 855b5773551235c409bf709528c1290b,
        type: 3}
      propertyPath: m_Name
      value: Environment_Grass_Model_V1 (23)
      objectReference: {fileID: 0}
    - target: {fileID: 3375790007620552683, guid: 855b5773551235c409bf709528c1290b,
        type: 3}
      propertyPath: m_LocalPosition.x
      value: 1.62
      objectReference: {fileID: 0}
    - target: {fileID: 3375790007620552683, guid: 855b5773551235c409bf709528c1290b,
        type: 3}
      propertyPath: m_LocalPosition.y
      value: -0.0010000098
      objectReference: {fileID: 0}
    - target: {fileID: 3375790007620552683, guid: 855b5773551235c409bf709528c1290b,
        type: 3}
      propertyPath: m_LocalPosition.z
      value: -0.16
      objectReference: {fileID: 0}
    - target: {fileID: 3375790007620552683, guid: 855b5773551235c409bf709528c1290b,
        type: 3}
      propertyPath: m_LocalRotation.x
      value: -0
      objectReference: {fileID: 0}
    - target: {fileID: 3375790007620552683, guid: 855b5773551235c409bf709528c1290b,
        type: 3}
      propertyPath: m_LocalRotation.y
      value: 0.60630745
      objectReference: {fileID: 0}
    - target: {fileID: 3375790007620552683, guid: 855b5773551235c409bf709528c1290b,
        type: 3}
      propertyPath: m_LocalRotation.z
      value: -0
      objectReference: {fileID: 0}
    - target: {fileID: 3375790007620552683, guid: 855b5773551235c409bf709528c1290b,
        type: 3}
      propertyPath: m_LocalRotation.w
      value: 0.7952303
      objectReference: {fileID: 0}
    - target: {fileID: 3375790007620552683, guid: 855b5773551235c409bf709528c1290b,
        type: 3}
      propertyPath: m_RootOrder
      value: 20
      objectReference: {fileID: 0}
    - target: {fileID: 3375790007620552683, guid: 855b5773551235c409bf709528c1290b,
        type: 3}
      propertyPath: m_LocalEulerAnglesHint.x
      value: 0
      objectReference: {fileID: 0}
    - target: {fileID: 3375790007620552683, guid: 855b5773551235c409bf709528c1290b,
        type: 3}
      propertyPath: m_LocalEulerAnglesHint.y
      value: 74.646
      objectReference: {fileID: 0}
    - target: {fileID: 3375790007620552683, guid: 855b5773551235c409bf709528c1290b,
        type: 3}
      propertyPath: m_LocalEulerAnglesHint.z
      value: 0
      objectReference: {fileID: 0}
    - target: {fileID: 3375790007620552683, guid: 855b5773551235c409bf709528c1290b,
        type: 3}
      propertyPath: m_LocalScale.x
      value: 1
      objectReference: {fileID: 0}
    - target: {fileID: 3375790007620552683, guid: 855b5773551235c409bf709528c1290b,
        type: 3}
      propertyPath: m_LocalScale.y
      value: 1
      objectReference: {fileID: 0}
    - target: {fileID: 3375790007620552683, guid: 855b5773551235c409bf709528c1290b,
        type: 3}
      propertyPath: m_LocalScale.z
      value: 1
      objectReference: {fileID: 0}
    m_RemovedComponents: []
  m_SourcePrefab: {fileID: 100100000, guid: 855b5773551235c409bf709528c1290b, type: 3}
--- !u!4 &8252079296194212993 stripped
Transform:
  m_CorrespondingSourceObject: {fileID: 3375790007620552683, guid: 855b5773551235c409bf709528c1290b,
    type: 3}
  m_PrefabInstance: {fileID: 6655318896226841450}
  m_PrefabAsset: {fileID: 0}
--- !u!1001 &6687648772044014991
PrefabInstance:
  m_ObjectHideFlags: 0
  serializedVersion: 2
  m_Modification:
    m_TransformParent: {fileID: 9066245271152074808}
    m_Modifications:
    - target: {fileID: 1766096018520126968, guid: 855b5773551235c409bf709528c1290b,
        type: 3}
      propertyPath: m_Name
      value: Environment_Grass_Model_V1 (20)
      objectReference: {fileID: 0}
    - target: {fileID: 3375790007620552683, guid: 855b5773551235c409bf709528c1290b,
        type: 3}
      propertyPath: m_LocalPosition.x
      value: 1.02
      objectReference: {fileID: 0}
    - target: {fileID: 3375790007620552683, guid: 855b5773551235c409bf709528c1290b,
        type: 3}
      propertyPath: m_LocalPosition.y
      value: -0.0010000098
      objectReference: {fileID: 0}
    - target: {fileID: 3375790007620552683, guid: 855b5773551235c409bf709528c1290b,
        type: 3}
      propertyPath: m_LocalPosition.z
      value: 0.05
      objectReference: {fileID: 0}
    - target: {fileID: 3375790007620552683, guid: 855b5773551235c409bf709528c1290b,
        type: 3}
      propertyPath: m_LocalRotation.x
      value: -0
      objectReference: {fileID: 0}
    - target: {fileID: 3375790007620552683, guid: 855b5773551235c409bf709528c1290b,
        type: 3}
      propertyPath: m_LocalRotation.y
      value: 0.60630745
      objectReference: {fileID: 0}
    - target: {fileID: 3375790007620552683, guid: 855b5773551235c409bf709528c1290b,
        type: 3}
      propertyPath: m_LocalRotation.z
      value: -0
      objectReference: {fileID: 0}
    - target: {fileID: 3375790007620552683, guid: 855b5773551235c409bf709528c1290b,
        type: 3}
      propertyPath: m_LocalRotation.w
      value: 0.7952303
      objectReference: {fileID: 0}
    - target: {fileID: 3375790007620552683, guid: 855b5773551235c409bf709528c1290b,
        type: 3}
      propertyPath: m_RootOrder
      value: 17
      objectReference: {fileID: 0}
    - target: {fileID: 3375790007620552683, guid: 855b5773551235c409bf709528c1290b,
        type: 3}
      propertyPath: m_LocalEulerAnglesHint.x
      value: 0
      objectReference: {fileID: 0}
    - target: {fileID: 3375790007620552683, guid: 855b5773551235c409bf709528c1290b,
        type: 3}
      propertyPath: m_LocalEulerAnglesHint.y
      value: 74.646
      objectReference: {fileID: 0}
    - target: {fileID: 3375790007620552683, guid: 855b5773551235c409bf709528c1290b,
        type: 3}
      propertyPath: m_LocalEulerAnglesHint.z
      value: 0
      objectReference: {fileID: 0}
    - target: {fileID: 3375790007620552683, guid: 855b5773551235c409bf709528c1290b,
        type: 3}
      propertyPath: m_LocalScale.x
      value: 1
      objectReference: {fileID: 0}
    - target: {fileID: 3375790007620552683, guid: 855b5773551235c409bf709528c1290b,
        type: 3}
      propertyPath: m_LocalScale.y
      value: 1
      objectReference: {fileID: 0}
    - target: {fileID: 3375790007620552683, guid: 855b5773551235c409bf709528c1290b,
        type: 3}
      propertyPath: m_LocalScale.z
      value: 1
      objectReference: {fileID: 0}
    m_RemovedComponents: []
  m_SourcePrefab: {fileID: 100100000, guid: 855b5773551235c409bf709528c1290b, type: 3}
--- !u!4 &8220892312122393188 stripped
Transform:
  m_CorrespondingSourceObject: {fileID: 3375790007620552683, guid: 855b5773551235c409bf709528c1290b,
    type: 3}
  m_PrefabInstance: {fileID: 6687648772044014991}
  m_PrefabAsset: {fileID: 0}
--- !u!1001 &7576855589497029332
PrefabInstance:
  m_ObjectHideFlags: 0
  serializedVersion: 2
  m_Modification:
    m_TransformParent: {fileID: 9066245271152074808}
    m_Modifications:
    - target: {fileID: 1766096018520126968, guid: 855b5773551235c409bf709528c1290b,
        type: 3}
      propertyPath: m_Name
      value: Environment_Grass_Model_V1 (18)
      objectReference: {fileID: 0}
    - target: {fileID: 3375790007620552683, guid: 855b5773551235c409bf709528c1290b,
        type: 3}
      propertyPath: m_LocalPosition.x
      value: 0.496
      objectReference: {fileID: 0}
    - target: {fileID: 3375790007620552683, guid: 855b5773551235c409bf709528c1290b,
        type: 3}
      propertyPath: m_LocalPosition.y
      value: -0.001
      objectReference: {fileID: 0}
    - target: {fileID: 3375790007620552683, guid: 855b5773551235c409bf709528c1290b,
        type: 3}
      propertyPath: m_LocalPosition.z
      value: 0.756
      objectReference: {fileID: 0}
    - target: {fileID: 3375790007620552683, guid: 855b5773551235c409bf709528c1290b,
        type: 3}
      propertyPath: m_LocalRotation.x
      value: -0
      objectReference: {fileID: 0}
    - target: {fileID: 3375790007620552683, guid: 855b5773551235c409bf709528c1290b,
        type: 3}
      propertyPath: m_LocalRotation.y
      value: -0
      objectReference: {fileID: 0}
    - target: {fileID: 3375790007620552683, guid: 855b5773551235c409bf709528c1290b,
        type: 3}
      propertyPath: m_LocalRotation.z
      value: -0
      objectReference: {fileID: 0}
    - target: {fileID: 3375790007620552683, guid: 855b5773551235c409bf709528c1290b,
        type: 3}
      propertyPath: m_LocalRotation.w
      value: 1
      objectReference: {fileID: 0}
    - target: {fileID: 3375790007620552683, guid: 855b5773551235c409bf709528c1290b,
        type: 3}
      propertyPath: m_RootOrder
      value: 15
      objectReference: {fileID: 0}
    - target: {fileID: 3375790007620552683, guid: 855b5773551235c409bf709528c1290b,
        type: 3}
      propertyPath: m_LocalEulerAnglesHint.x
      value: 0
      objectReference: {fileID: 0}
    - target: {fileID: 3375790007620552683, guid: 855b5773551235c409bf709528c1290b,
        type: 3}
      propertyPath: m_LocalEulerAnglesHint.y
      value: 77.841
      objectReference: {fileID: 0}
    - target: {fileID: 3375790007620552683, guid: 855b5773551235c409bf709528c1290b,
        type: 3}
      propertyPath: m_LocalEulerAnglesHint.z
      value: 0
      objectReference: {fileID: 0}
    - target: {fileID: 3375790007620552683, guid: 855b5773551235c409bf709528c1290b,
        type: 3}
      propertyPath: m_LocalScale.x
      value: 1
      objectReference: {fileID: 0}
    - target: {fileID: 3375790007620552683, guid: 855b5773551235c409bf709528c1290b,
        type: 3}
      propertyPath: m_LocalScale.y
      value: 1
      objectReference: {fileID: 0}
    - target: {fileID: 3375790007620552683, guid: 855b5773551235c409bf709528c1290b,
        type: 3}
      propertyPath: m_LocalScale.z
      value: 1
      objectReference: {fileID: 0}
    m_RemovedComponents: []
  m_SourcePrefab: {fileID: 100100000, guid: 855b5773551235c409bf709528c1290b, type: 3}
--- !u!4 &5187954509051987263 stripped
Transform:
  m_CorrespondingSourceObject: {fileID: 3375790007620552683, guid: 855b5773551235c409bf709528c1290b,
    type: 3}
  m_PrefabInstance: {fileID: 7576855589497029332}
  m_PrefabAsset: {fileID: 0}
--- !u!1001 &8221714657767028644
PrefabInstance:
  m_ObjectHideFlags: 0
  serializedVersion: 2
  m_Modification:
    m_TransformParent: {fileID: 9066245271152074808}
    m_Modifications:
    - target: {fileID: 1766096018520126968, guid: 855b5773551235c409bf709528c1290b,
        type: 3}
      propertyPath: m_Name
      value: Environment_Grass_Model_V1 (16)
      objectReference: {fileID: 0}
    - target: {fileID: 3375790007620552683, guid: 855b5773551235c409bf709528c1290b,
        type: 3}
      propertyPath: m_LocalPosition.x
      value: 0.23
      objectReference: {fileID: 0}
    - target: {fileID: 3375790007620552683, guid: 855b5773551235c409bf709528c1290b,
        type: 3}
      propertyPath: m_LocalPosition.y
      value: -0.0010000098
      objectReference: {fileID: 0}
    - target: {fileID: 3375790007620552683, guid: 855b5773551235c409bf709528c1290b,
        type: 3}
      propertyPath: m_LocalPosition.z
      value: 0.23
      objectReference: {fileID: 0}
    - target: {fileID: 3375790007620552683, guid: 855b5773551235c409bf709528c1290b,
        type: 3}
      propertyPath: m_LocalRotation.x
      value: -0
      objectReference: {fileID: 0}
    - target: {fileID: 3375790007620552683, guid: 855b5773551235c409bf709528c1290b,
        type: 3}
      propertyPath: m_LocalRotation.y
      value: 0.2513649
      objectReference: {fileID: 0}
    - target: {fileID: 3375790007620552683, guid: 855b5773551235c409bf709528c1290b,
        type: 3}
      propertyPath: m_LocalRotation.z
      value: -0
      objectReference: {fileID: 0}
    - target: {fileID: 3375790007620552683, guid: 855b5773551235c409bf709528c1290b,
        type: 3}
      propertyPath: m_LocalRotation.w
      value: 0.9678924
      objectReference: {fileID: 0}
    - target: {fileID: 3375790007620552683, guid: 855b5773551235c409bf709528c1290b,
        type: 3}
      propertyPath: m_RootOrder
      value: 13
      objectReference: {fileID: 0}
    - target: {fileID: 3375790007620552683, guid: 855b5773551235c409bf709528c1290b,
        type: 3}
      propertyPath: m_LocalEulerAnglesHint.x
      value: 0
      objectReference: {fileID: 0}
    - target: {fileID: 3375790007620552683, guid: 855b5773551235c409bf709528c1290b,
        type: 3}
      propertyPath: m_LocalEulerAnglesHint.y
      value: 29.117
      objectReference: {fileID: 0}
    - target: {fileID: 3375790007620552683, guid: 855b5773551235c409bf709528c1290b,
        type: 3}
      propertyPath: m_LocalEulerAnglesHint.z
      value: 0
      objectReference: {fileID: 0}
    - target: {fileID: 3375790007620552683, guid: 855b5773551235c409bf709528c1290b,
        type: 3}
      propertyPath: m_LocalScale.x
      value: 1
      objectReference: {fileID: 0}
    - target: {fileID: 3375790007620552683, guid: 855b5773551235c409bf709528c1290b,
        type: 3}
      propertyPath: m_LocalScale.y
      value: 1
      objectReference: {fileID: 0}
    - target: {fileID: 3375790007620552683, guid: 855b5773551235c409bf709528c1290b,
        type: 3}
      propertyPath: m_LocalScale.z
      value: 1
      objectReference: {fileID: 0}
    m_RemovedComponents: []
  m_SourcePrefab: {fileID: 100100000, guid: 855b5773551235c409bf709528c1290b, type: 3}
--- !u!4 &6683432882680770639 stripped
Transform:
  m_CorrespondingSourceObject: {fileID: 3375790007620552683, guid: 855b5773551235c409bf709528c1290b,
    type: 3}
  m_PrefabInstance: {fileID: 8221714657767028644}
  m_PrefabAsset: {fileID: 0}
--- !u!1001 &8325358956784234957
PrefabInstance:
  m_ObjectHideFlags: 0
  serializedVersion: 2
  m_Modification:
    m_TransformParent: {fileID: 9066245271152074808}
    m_Modifications:
    - target: {fileID: 1766096018520126968, guid: 855b5773551235c409bf709528c1290b,
        type: 3}
      propertyPath: m_Name
      value: Environment_Grass_Model_V1 (13)
      objectReference: {fileID: 0}
    - target: {fileID: 3375790007620552683, guid: 855b5773551235c409bf709528c1290b,
        type: 3}
      propertyPath: m_LocalPosition.x
      value: -0.79
      objectReference: {fileID: 0}
    - target: {fileID: 3375790007620552683, guid: 855b5773551235c409bf709528c1290b,
        type: 3}
      propertyPath: m_LocalPosition.y
      value: -0.0010000098
      objectReference: {fileID: 0}
    - target: {fileID: 3375790007620552683, guid: 855b5773551235c409bf709528c1290b,
        type: 3}
      propertyPath: m_LocalPosition.z
      value: -0.45
      objectReference: {fileID: 0}
    - target: {fileID: 3375790007620552683, guid: 855b5773551235c409bf709528c1290b,
        type: 3}
      propertyPath: m_LocalRotation.x
      value: -0
      objectReference: {fileID: 0}
    - target: {fileID: 3375790007620552683, guid: 855b5773551235c409bf709528c1290b,
        type: 3}
      propertyPath: m_LocalRotation.y
      value: 0.2513649
      objectReference: {fileID: 0}
    - target: {fileID: 3375790007620552683, guid: 855b5773551235c409bf709528c1290b,
        type: 3}
      propertyPath: m_LocalRotation.z
      value: -0
      objectReference: {fileID: 0}
    - target: {fileID: 3375790007620552683, guid: 855b5773551235c409bf709528c1290b,
        type: 3}
      propertyPath: m_LocalRotation.w
      value: 0.9678924
      objectReference: {fileID: 0}
    - target: {fileID: 3375790007620552683, guid: 855b5773551235c409bf709528c1290b,
        type: 3}
      propertyPath: m_RootOrder
      value: 10
      objectReference: {fileID: 0}
    - target: {fileID: 3375790007620552683, guid: 855b5773551235c409bf709528c1290b,
        type: 3}
      propertyPath: m_LocalEulerAnglesHint.x
      value: 0
      objectReference: {fileID: 0}
    - target: {fileID: 3375790007620552683, guid: 855b5773551235c409bf709528c1290b,
        type: 3}
      propertyPath: m_LocalEulerAnglesHint.y
      value: 29.117
      objectReference: {fileID: 0}
    - target: {fileID: 3375790007620552683, guid: 855b5773551235c409bf709528c1290b,
        type: 3}
      propertyPath: m_LocalEulerAnglesHint.z
      value: 0
      objectReference: {fileID: 0}
    - target: {fileID: 3375790007620552683, guid: 855b5773551235c409bf709528c1290b,
        type: 3}
      propertyPath: m_LocalScale.x
      value: 1
      objectReference: {fileID: 0}
    - target: {fileID: 3375790007620552683, guid: 855b5773551235c409bf709528c1290b,
        type: 3}
      propertyPath: m_LocalScale.y
      value: 1
      objectReference: {fileID: 0}
    - target: {fileID: 3375790007620552683, guid: 855b5773551235c409bf709528c1290b,
        type: 3}
      propertyPath: m_LocalScale.z
      value: 1
      objectReference: {fileID: 0}
    m_RemovedComponents: []
  m_SourcePrefab: {fileID: 100100000, guid: 855b5773551235c409bf709528c1290b, type: 3}
--- !u!4 &6724062246700643878 stripped
Transform:
  m_CorrespondingSourceObject: {fileID: 3375790007620552683, guid: 855b5773551235c409bf709528c1290b,
    type: 3}
  m_PrefabInstance: {fileID: 8325358956784234957}
  m_PrefabAsset: {fileID: 0}
--- !u!1001 &8802987345796313646
PrefabInstance:
  m_ObjectHideFlags: 0
  serializedVersion: 2
  m_Modification:
    m_TransformParent: {fileID: 9066245271152074808}
    m_Modifications:
    - target: {fileID: 1766096018520126968, guid: 855b5773551235c409bf709528c1290b,
        type: 3}
      propertyPath: m_Name
      value: Environment_Grass_Model_V1 (22)
      objectReference: {fileID: 0}
    - target: {fileID: 3375790007620552683, guid: 855b5773551235c409bf709528c1290b,
        type: 3}
      propertyPath: m_LocalPosition.x
      value: 1.62
      objectReference: {fileID: 0}
    - target: {fileID: 3375790007620552683, guid: 855b5773551235c409bf709528c1290b,
        type: 3}
      propertyPath: m_LocalPosition.y
      value: -0.0010000098
      objectReference: {fileID: 0}
    - target: {fileID: 3375790007620552683, guid: 855b5773551235c409bf709528c1290b,
        type: 3}
      propertyPath: m_LocalPosition.z
      value: -0.16
      objectReference: {fileID: 0}
    - target: {fileID: 3375790007620552683, guid: 855b5773551235c409bf709528c1290b,
        type: 3}
      propertyPath: m_LocalRotation.x
      value: -0
      objectReference: {fileID: 0}
    - target: {fileID: 3375790007620552683, guid: 855b5773551235c409bf709528c1290b,
        type: 3}
      propertyPath: m_LocalRotation.y
      value: 0.2513649
      objectReference: {fileID: 0}
    - target: {fileID: 3375790007620552683, guid: 855b5773551235c409bf709528c1290b,
        type: 3}
      propertyPath: m_LocalRotation.z
      value: -0
      objectReference: {fileID: 0}
    - target: {fileID: 3375790007620552683, guid: 855b5773551235c409bf709528c1290b,
        type: 3}
      propertyPath: m_LocalRotation.w
      value: 0.9678924
      objectReference: {fileID: 0}
    - target: {fileID: 3375790007620552683, guid: 855b5773551235c409bf709528c1290b,
        type: 3}
      propertyPath: m_RootOrder
      value: 19
      objectReference: {fileID: 0}
    - target: {fileID: 3375790007620552683, guid: 855b5773551235c409bf709528c1290b,
        type: 3}
      propertyPath: m_LocalEulerAnglesHint.x
      value: 0
      objectReference: {fileID: 0}
    - target: {fileID: 3375790007620552683, guid: 855b5773551235c409bf709528c1290b,
        type: 3}
      propertyPath: m_LocalEulerAnglesHint.y
      value: 29.117
      objectReference: {fileID: 0}
    - target: {fileID: 3375790007620552683, guid: 855b5773551235c409bf709528c1290b,
        type: 3}
      propertyPath: m_LocalEulerAnglesHint.z
      value: 0
      objectReference: {fileID: 0}
    - target: {fileID: 3375790007620552683, guid: 855b5773551235c409bf709528c1290b,
        type: 3}
      propertyPath: m_LocalScale.x
      value: 1
      objectReference: {fileID: 0}
    - target: {fileID: 3375790007620552683, guid: 855b5773551235c409bf709528c1290b,
        type: 3}
      propertyPath: m_LocalScale.y
      value: 1
      objectReference: {fileID: 0}
    - target: {fileID: 3375790007620552683, guid: 855b5773551235c409bf709528c1290b,
        type: 3}
      propertyPath: m_LocalScale.z
      value: 1
      objectReference: {fileID: 0}
    m_RemovedComponents: []
  m_SourcePrefab: {fileID: 100100000, guid: 855b5773551235c409bf709528c1290b, type: 3}
--- !u!4 &6121317105200264645 stripped
Transform:
  m_CorrespondingSourceObject: {fileID: 3375790007620552683, guid: 855b5773551235c409bf709528c1290b,
    type: 3}
  m_PrefabInstance: {fileID: 8802987345796313646}
  m_PrefabAsset: {fileID: 0}
--- !u!1001 &9066245271169911180
PrefabInstance:
  m_ObjectHideFlags: 0
  serializedVersion: 2
  m_Modification:
    m_TransformParent: {fileID: 9066245271152074808}
    m_Modifications:
    - target: {fileID: 1766096018520126968, guid: 855b5773551235c409bf709528c1290b,
        type: 3}
      propertyPath: m_Name
      value: Environment_Grass_Model_V1 (5)
      objectReference: {fileID: 0}
    - target: {fileID: 3375790007620552683, guid: 855b5773551235c409bf709528c1290b,
        type: 3}
      propertyPath: m_LocalPosition.x
      value: 0.04
      objectReference: {fileID: 0}
    - target: {fileID: 3375790007620552683, guid: 855b5773551235c409bf709528c1290b,
        type: 3}
      propertyPath: m_LocalPosition.y
      value: -0.0010000098
      objectReference: {fileID: 0}
    - target: {fileID: 3375790007620552683, guid: 855b5773551235c409bf709528c1290b,
        type: 3}
      propertyPath: m_LocalPosition.z
      value: -0.63
      objectReference: {fileID: 0}
    - target: {fileID: 3375790007620552683, guid: 855b5773551235c409bf709528c1290b,
        type: 3}
      propertyPath: m_LocalRotation.x
      value: -0
      objectReference: {fileID: 0}
    - target: {fileID: 3375790007620552683, guid: 855b5773551235c409bf709528c1290b,
        type: 3}
      propertyPath: m_LocalRotation.y
      value: 0.60630745
      objectReference: {fileID: 0}
    - target: {fileID: 3375790007620552683, guid: 855b5773551235c409bf709528c1290b,
        type: 3}
      propertyPath: m_LocalRotation.z
      value: -0
      objectReference: {fileID: 0}
    - target: {fileID: 3375790007620552683, guid: 855b5773551235c409bf709528c1290b,
        type: 3}
      propertyPath: m_LocalRotation.w
      value: 0.7952303
      objectReference: {fileID: 0}
    - target: {fileID: 3375790007620552683, guid: 855b5773551235c409bf709528c1290b,
        type: 3}
      propertyPath: m_RootOrder
      value: 2
      objectReference: {fileID: 0}
    - target: {fileID: 3375790007620552683, guid: 855b5773551235c409bf709528c1290b,
        type: 3}
      propertyPath: m_LocalEulerAnglesHint.x
      value: 0
      objectReference: {fileID: 0}
    - target: {fileID: 3375790007620552683, guid: 855b5773551235c409bf709528c1290b,
        type: 3}
      propertyPath: m_LocalEulerAnglesHint.y
      value: 74.646
      objectReference: {fileID: 0}
    - target: {fileID: 3375790007620552683, guid: 855b5773551235c409bf709528c1290b,
        type: 3}
      propertyPath: m_LocalEulerAnglesHint.z
      value: 0
      objectReference: {fileID: 0}
    - target: {fileID: 3375790007620552683, guid: 855b5773551235c409bf709528c1290b,
        type: 3}
      propertyPath: m_LocalScale.x
      value: 1
      objectReference: {fileID: 0}
    - target: {fileID: 3375790007620552683, guid: 855b5773551235c409bf709528c1290b,
        type: 3}
      propertyPath: m_LocalScale.y
      value: 1
      objectReference: {fileID: 0}
    - target: {fileID: 3375790007620552683, guid: 855b5773551235c409bf709528c1290b,
        type: 3}
      propertyPath: m_LocalScale.z
      value: 1
      objectReference: {fileID: 0}
    m_RemovedComponents: []
  m_SourcePrefab: {fileID: 100100000, guid: 855b5773551235c409bf709528c1290b, type: 3}
--- !u!4 &5983297269031276135 stripped
Transform:
  m_CorrespondingSourceObject: {fileID: 3375790007620552683, guid: 855b5773551235c409bf709528c1290b,
    type: 3}
  m_PrefabInstance: {fileID: 9066245271169911180}
  m_PrefabAsset: {fileID: 0}
--- !u!1001 &9066245271925915777
PrefabInstance:
  m_ObjectHideFlags: 0
  serializedVersion: 2
  m_Modification:
    m_TransformParent: {fileID: 9066245271152074808}
    m_Modifications:
    - target: {fileID: 1766096018520126968, guid: 855b5773551235c409bf709528c1290b,
        type: 3}
      propertyPath: m_Name
      value: Environment_Grass_Model_V1 (8)
      objectReference: {fileID: 0}
    - target: {fileID: 3375790007620552683, guid: 855b5773551235c409bf709528c1290b,
        type: 3}
      propertyPath: m_LocalPosition.x
      value: 0.83
      objectReference: {fileID: 0}
    - target: {fileID: 3375790007620552683, guid: 855b5773551235c409bf709528c1290b,
        type: 3}
      propertyPath: m_LocalPosition.y
      value: -0.0010000098
      objectReference: {fileID: 0}
    - target: {fileID: 3375790007620552683, guid: 855b5773551235c409bf709528c1290b,
        type: 3}
      propertyPath: m_LocalPosition.z
      value: -0.81
      objectReference: {fileID: 0}
    - target: {fileID: 3375790007620552683, guid: 855b5773551235c409bf709528c1290b,
        type: 3}
      propertyPath: m_LocalRotation.x
      value: -0
      objectReference: {fileID: 0}
    - target: {fileID: 3375790007620552683, guid: 855b5773551235c409bf709528c1290b,
        type: 3}
      propertyPath: m_LocalRotation.y
      value: 0.60630745
      objectReference: {fileID: 0}
    - target: {fileID: 3375790007620552683, guid: 855b5773551235c409bf709528c1290b,
        type: 3}
      propertyPath: m_LocalRotation.z
      value: -0
      objectReference: {fileID: 0}
    - target: {fileID: 3375790007620552683, guid: 855b5773551235c409bf709528c1290b,
        type: 3}
      propertyPath: m_LocalRotation.w
      value: 0.7952303
      objectReference: {fileID: 0}
    - target: {fileID: 3375790007620552683, guid: 855b5773551235c409bf709528c1290b,
        type: 3}
      propertyPath: m_RootOrder
      value: 5
      objectReference: {fileID: 0}
    - target: {fileID: 3375790007620552683, guid: 855b5773551235c409bf709528c1290b,
        type: 3}
      propertyPath: m_LocalEulerAnglesHint.x
      value: 0
      objectReference: {fileID: 0}
    - target: {fileID: 3375790007620552683, guid: 855b5773551235c409bf709528c1290b,
        type: 3}
      propertyPath: m_LocalEulerAnglesHint.y
      value: 74.646
      objectReference: {fileID: 0}
    - target: {fileID: 3375790007620552683, guid: 855b5773551235c409bf709528c1290b,
        type: 3}
      propertyPath: m_LocalEulerAnglesHint.z
      value: 0
      objectReference: {fileID: 0}
    - target: {fileID: 3375790007620552683, guid: 855b5773551235c409bf709528c1290b,
        type: 3}
      propertyPath: m_LocalScale.x
      value: 1
      objectReference: {fileID: 0}
    - target: {fileID: 3375790007620552683, guid: 855b5773551235c409bf709528c1290b,
        type: 3}
      propertyPath: m_LocalScale.y
      value: 1
      objectReference: {fileID: 0}
    - target: {fileID: 3375790007620552683, guid: 855b5773551235c409bf709528c1290b,
        type: 3}
      propertyPath: m_LocalScale.z
      value: 1
      objectReference: {fileID: 0}
    m_RemovedComponents: []
  m_SourcePrefab: {fileID: 100100000, guid: 855b5773551235c409bf709528c1290b, type: 3}
--- !u!4 &5983297269787314026 stripped
Transform:
  m_CorrespondingSourceObject: {fileID: 3375790007620552683, guid: 855b5773551235c409bf709528c1290b,
    type: 3}
  m_PrefabInstance: {fileID: 9066245271925915777}
  m_PrefabAsset: {fileID: 0}
--- !u!1001 &9066245271979802242
PrefabInstance:
  m_ObjectHideFlags: 0
  serializedVersion: 2
  m_Modification:
    m_TransformParent: {fileID: 9066245271152074808}
    m_Modifications:
    - target: {fileID: 1766096018520126968, guid: 855b5773551235c409bf709528c1290b,
        type: 3}
      propertyPath: m_Name
      value: Environment_Grass_Model_V1 (3)
      objectReference: {fileID: 0}
    - target: {fileID: 3375790007620552683, guid: 855b5773551235c409bf709528c1290b,
        type: 3}
      propertyPath: m_LocalPosition.x
      value: 0.04
      objectReference: {fileID: 0}
    - target: {fileID: 3375790007620552683, guid: 855b5773551235c409bf709528c1290b,
        type: 3}
      propertyPath: m_LocalPosition.y
      value: -0.001
      objectReference: {fileID: 0}
    - target: {fileID: 3375790007620552683, guid: 855b5773551235c409bf709528c1290b,
        type: 3}
      propertyPath: m_LocalPosition.z
      value: -0.63
      objectReference: {fileID: 0}
    - target: {fileID: 3375790007620552683, guid: 855b5773551235c409bf709528c1290b,
        type: 3}
      propertyPath: m_LocalRotation.x
      value: -0
      objectReference: {fileID: 0}
    - target: {fileID: 3375790007620552683, guid: 855b5773551235c409bf709528c1290b,
        type: 3}
      propertyPath: m_LocalRotation.y
      value: -0
      objectReference: {fileID: 0}
    - target: {fileID: 3375790007620552683, guid: 855b5773551235c409bf709528c1290b,
        type: 3}
      propertyPath: m_LocalRotation.z
      value: -0
      objectReference: {fileID: 0}
    - target: {fileID: 3375790007620552683, guid: 855b5773551235c409bf709528c1290b,
        type: 3}
      propertyPath: m_LocalRotation.w
      value: 1
      objectReference: {fileID: 0}
    - target: {fileID: 3375790007620552683, guid: 855b5773551235c409bf709528c1290b,
        type: 3}
      propertyPath: m_RootOrder
      value: 0
      objectReference: {fileID: 0}
    - target: {fileID: 3375790007620552683, guid: 855b5773551235c409bf709528c1290b,
        type: 3}
      propertyPath: m_LocalEulerAnglesHint.x
      value: 0
      objectReference: {fileID: 0}
    - target: {fileID: 3375790007620552683, guid: 855b5773551235c409bf709528c1290b,
        type: 3}
      propertyPath: m_LocalEulerAnglesHint.y
      value: 77.841
      objectReference: {fileID: 0}
    - target: {fileID: 3375790007620552683, guid: 855b5773551235c409bf709528c1290b,
        type: 3}
      propertyPath: m_LocalEulerAnglesHint.z
      value: 0
      objectReference: {fileID: 0}
    - target: {fileID: 3375790007620552683, guid: 855b5773551235c409bf709528c1290b,
        type: 3}
      propertyPath: m_LocalScale.x
      value: 1
      objectReference: {fileID: 0}
    - target: {fileID: 3375790007620552683, guid: 855b5773551235c409bf709528c1290b,
        type: 3}
      propertyPath: m_LocalScale.y
      value: 1
      objectReference: {fileID: 0}
    - target: {fileID: 3375790007620552683, guid: 855b5773551235c409bf709528c1290b,
        type: 3}
      propertyPath: m_LocalScale.z
      value: 1
      objectReference: {fileID: 0}
    m_RemovedComponents: []
  m_SourcePrefab: {fileID: 100100000, guid: 855b5773551235c409bf709528c1290b, type: 3}
--- !u!4 &5983297269303277929 stripped
Transform:
  m_CorrespondingSourceObject: {fileID: 3375790007620552683, guid: 855b5773551235c409bf709528c1290b,
    type: 3}
  m_PrefabInstance: {fileID: 9066245271979802242}
  m_PrefabAsset: {fileID: 0}
--- !u!1001 &9066245272231318991
PrefabInstance:
  m_ObjectHideFlags: 0
  serializedVersion: 2
  m_Modification:
    m_TransformParent: {fileID: 9066245271152074808}
    m_Modifications:
    - target: {fileID: 1766096018520126968, guid: 855b5773551235c409bf709528c1290b,
        type: 3}
      propertyPath: m_Name
      value: Environment_Grass_Model_V1 (6)
      objectReference: {fileID: 0}
    - target: {fileID: 3375790007620552683, guid: 855b5773551235c409bf709528c1290b,
        type: 3}
      propertyPath: m_LocalPosition.x
      value: 0.64
      objectReference: {fileID: 0}
    - target: {fileID: 3375790007620552683, guid: 855b5773551235c409bf709528c1290b,
        type: 3}
      propertyPath: m_LocalPosition.y
      value: -0.001
      objectReference: {fileID: 0}
    - target: {fileID: 3375790007620552683, guid: 855b5773551235c409bf709528c1290b,
        type: 3}
      propertyPath: m_LocalPosition.z
      value: -0.77
      objectReference: {fileID: 0}
    - target: {fileID: 3375790007620552683, guid: 855b5773551235c409bf709528c1290b,
        type: 3}
      propertyPath: m_LocalRotation.x
      value: -0
      objectReference: {fileID: 0}
    - target: {fileID: 3375790007620552683, guid: 855b5773551235c409bf709528c1290b,
        type: 3}
      propertyPath: m_LocalRotation.y
      value: -0
      objectReference: {fileID: 0}
    - target: {fileID: 3375790007620552683, guid: 855b5773551235c409bf709528c1290b,
        type: 3}
      propertyPath: m_LocalRotation.z
      value: -0
      objectReference: {fileID: 0}
    - target: {fileID: 3375790007620552683, guid: 855b5773551235c409bf709528c1290b,
        type: 3}
      propertyPath: m_LocalRotation.w
      value: 1
      objectReference: {fileID: 0}
    - target: {fileID: 3375790007620552683, guid: 855b5773551235c409bf709528c1290b,
        type: 3}
      propertyPath: m_RootOrder
      value: 3
      objectReference: {fileID: 0}
    - target: {fileID: 3375790007620552683, guid: 855b5773551235c409bf709528c1290b,
        type: 3}
      propertyPath: m_LocalEulerAnglesHint.x
      value: 0
      objectReference: {fileID: 0}
    - target: {fileID: 3375790007620552683, guid: 855b5773551235c409bf709528c1290b,
        type: 3}
      propertyPath: m_LocalEulerAnglesHint.y
      value: 77.841
      objectReference: {fileID: 0}
    - target: {fileID: 3375790007620552683, guid: 855b5773551235c409bf709528c1290b,
        type: 3}
      propertyPath: m_LocalEulerAnglesHint.z
      value: 0
      objectReference: {fileID: 0}
    - target: {fileID: 3375790007620552683, guid: 855b5773551235c409bf709528c1290b,
        type: 3}
      propertyPath: m_LocalScale.x
      value: 1
      objectReference: {fileID: 0}
    - target: {fileID: 3375790007620552683, guid: 855b5773551235c409bf709528c1290b,
        type: 3}
      propertyPath: m_LocalScale.y
      value: 1
      objectReference: {fileID: 0}
    - target: {fileID: 3375790007620552683, guid: 855b5773551235c409bf709528c1290b,
        type: 3}
      propertyPath: m_LocalScale.z
      value: 1
      objectReference: {fileID: 0}
    m_RemovedComponents: []
  m_SourcePrefab: {fileID: 100100000, guid: 855b5773551235c409bf709528c1290b, type: 3}
--- !u!4 &5983297267944182308 stripped
Transform:
  m_CorrespondingSourceObject: {fileID: 3375790007620552683, guid: 855b5773551235c409bf709528c1290b,
    type: 3}
  m_PrefabInstance: {fileID: 9066245272231318991}
  m_PrefabAsset: {fileID: 0}
--- !u!1001 &9066245272271335395
PrefabInstance:
  m_ObjectHideFlags: 0
  serializedVersion: 2
  m_Modification:
    m_TransformParent: {fileID: 9066245271152074808}
    m_Modifications:
    - target: {fileID: 1766096018520126968, guid: 855b5773551235c409bf709528c1290b,
        type: 3}
      propertyPath: m_Name
      value: Environment_Grass_Model_V1 (4)
      objectReference: {fileID: 0}
    - target: {fileID: 3375790007620552683, guid: 855b5773551235c409bf709528c1290b,
        type: 3}
      propertyPath: m_LocalPosition.x
      value: 0.04
      objectReference: {fileID: 0}
    - target: {fileID: 3375790007620552683, guid: 855b5773551235c409bf709528c1290b,
        type: 3}
      propertyPath: m_LocalPosition.y
      value: -0.0010000098
      objectReference: {fileID: 0}
    - target: {fileID: 3375790007620552683, guid: 855b5773551235c409bf709528c1290b,
        type: 3}
      propertyPath: m_LocalPosition.z
      value: -0.63
      objectReference: {fileID: 0}
    - target: {fileID: 3375790007620552683, guid: 855b5773551235c409bf709528c1290b,
        type: 3}
      propertyPath: m_LocalRotation.x
      value: -0
      objectReference: {fileID: 0}
    - target: {fileID: 3375790007620552683, guid: 855b5773551235c409bf709528c1290b,
        type: 3}
      propertyPath: m_LocalRotation.y
      value: 0.2513649
      objectReference: {fileID: 0}
    - target: {fileID: 3375790007620552683, guid: 855b5773551235c409bf709528c1290b,
        type: 3}
      propertyPath: m_LocalRotation.z
      value: -0
      objectReference: {fileID: 0}
    - target: {fileID: 3375790007620552683, guid: 855b5773551235c409bf709528c1290b,
        type: 3}
      propertyPath: m_LocalRotation.w
      value: 0.9678924
      objectReference: {fileID: 0}
    - target: {fileID: 3375790007620552683, guid: 855b5773551235c409bf709528c1290b,
        type: 3}
      propertyPath: m_RootOrder
      value: 1
      objectReference: {fileID: 0}
    - target: {fileID: 3375790007620552683, guid: 855b5773551235c409bf709528c1290b,
        type: 3}
      propertyPath: m_LocalEulerAnglesHint.x
      value: 0
      objectReference: {fileID: 0}
    - target: {fileID: 3375790007620552683, guid: 855b5773551235c409bf709528c1290b,
        type: 3}
      propertyPath: m_LocalEulerAnglesHint.y
      value: 29.117
      objectReference: {fileID: 0}
    - target: {fileID: 3375790007620552683, guid: 855b5773551235c409bf709528c1290b,
        type: 3}
      propertyPath: m_LocalEulerAnglesHint.z
      value: 0
      objectReference: {fileID: 0}
    - target: {fileID: 3375790007620552683, guid: 855b5773551235c409bf709528c1290b,
        type: 3}
      propertyPath: m_LocalScale.x
      value: 1
      objectReference: {fileID: 0}
    - target: {fileID: 3375790007620552683, guid: 855b5773551235c409bf709528c1290b,
        type: 3}
      propertyPath: m_LocalScale.y
      value: 1
      objectReference: {fileID: 0}
    - target: {fileID: 3375790007620552683, guid: 855b5773551235c409bf709528c1290b,
        type: 3}
      propertyPath: m_LocalScale.z
      value: 1
      objectReference: {fileID: 0}
    m_RemovedComponents: []
  m_SourcePrefab: {fileID: 100100000, guid: 855b5773551235c409bf709528c1290b, type: 3}
--- !u!4 &5983297268001105928 stripped
Transform:
  m_CorrespondingSourceObject: {fileID: 3375790007620552683, guid: 855b5773551235c409bf709528c1290b,
    type: 3}
  m_PrefabInstance: {fileID: 9066245272271335395}
  m_PrefabAsset: {fileID: 0}
--- !u!1001 &9066245272309670955
PrefabInstance:
  m_ObjectHideFlags: 0
  serializedVersion: 2
  m_Modification:
    m_TransformParent: {fileID: 9066245271152074808}
    m_Modifications:
    - target: {fileID: 1766096018520126968, guid: 855b5773551235c409bf709528c1290b,
        type: 3}
      propertyPath: m_Name
      value: Environment_Grass_Model_V1 (11)
      objectReference: {fileID: 0}
    - target: {fileID: 3375790007620552683, guid: 855b5773551235c409bf709528c1290b,
        type: 3}
      propertyPath: m_LocalPosition.x
      value: 1.43
      objectReference: {fileID: 0}
    - target: {fileID: 3375790007620552683, guid: 855b5773551235c409bf709528c1290b,
        type: 3}
      propertyPath: m_LocalPosition.y
      value: -0.0010000098
      objectReference: {fileID: 0}
    - target: {fileID: 3375790007620552683, guid: 855b5773551235c409bf709528c1290b,
        type: 3}
      propertyPath: m_LocalPosition.z
      value: -1.02
      objectReference: {fileID: 0}
    - target: {fileID: 3375790007620552683, guid: 855b5773551235c409bf709528c1290b,
        type: 3}
      propertyPath: m_LocalRotation.x
      value: -0
      objectReference: {fileID: 0}
    - target: {fileID: 3375790007620552683, guid: 855b5773551235c409bf709528c1290b,
        type: 3}
      propertyPath: m_LocalRotation.y
      value: 0.60630745
      objectReference: {fileID: 0}
    - target: {fileID: 3375790007620552683, guid: 855b5773551235c409bf709528c1290b,
        type: 3}
      propertyPath: m_LocalRotation.z
      value: -0
      objectReference: {fileID: 0}
    - target: {fileID: 3375790007620552683, guid: 855b5773551235c409bf709528c1290b,
        type: 3}
      propertyPath: m_LocalRotation.w
      value: 0.7952303
      objectReference: {fileID: 0}
    - target: {fileID: 3375790007620552683, guid: 855b5773551235c409bf709528c1290b,
        type: 3}
      propertyPath: m_RootOrder
      value: 8
      objectReference: {fileID: 0}
    - target: {fileID: 3375790007620552683, guid: 855b5773551235c409bf709528c1290b,
        type: 3}
      propertyPath: m_LocalEulerAnglesHint.x
      value: 0
      objectReference: {fileID: 0}
    - target: {fileID: 3375790007620552683, guid: 855b5773551235c409bf709528c1290b,
        type: 3}
      propertyPath: m_LocalEulerAnglesHint.y
      value: 74.646
      objectReference: {fileID: 0}
    - target: {fileID: 3375790007620552683, guid: 855b5773551235c409bf709528c1290b,
        type: 3}
      propertyPath: m_LocalEulerAnglesHint.z
      value: 0
      objectReference: {fileID: 0}
    - target: {fileID: 3375790007620552683, guid: 855b5773551235c409bf709528c1290b,
        type: 3}
      propertyPath: m_LocalScale.x
      value: 1
      objectReference: {fileID: 0}
    - target: {fileID: 3375790007620552683, guid: 855b5773551235c409bf709528c1290b,
        type: 3}
      propertyPath: m_LocalScale.y
      value: 1
      objectReference: {fileID: 0}
    - target: {fileID: 3375790007620552683, guid: 855b5773551235c409bf709528c1290b,
        type: 3}
      propertyPath: m_LocalScale.z
      value: 1
      objectReference: {fileID: 0}
    m_RemovedComponents: []
  m_SourcePrefab: {fileID: 100100000, guid: 855b5773551235c409bf709528c1290b, type: 3}
--- !u!4 &5983297268023583680 stripped
Transform:
  m_CorrespondingSourceObject: {fileID: 3375790007620552683, guid: 855b5773551235c409bf709528c1290b,
    type: 3}
  m_PrefabInstance: {fileID: 9066245272309670955}
  m_PrefabAsset: {fileID: 0}
--- !u!1001 &9066245272380166699
PrefabInstance:
  m_ObjectHideFlags: 0
  serializedVersion: 2
  m_Modification:
    m_TransformParent: {fileID: 9066245271152074808}
    m_Modifications:
    - target: {fileID: 1766096018520126968, guid: 855b5773551235c409bf709528c1290b,
        type: 3}
      propertyPath: m_Name
      value: Environment_Grass_Model_V1 (7)
      objectReference: {fileID: 0}
    - target: {fileID: 3375790007620552683, guid: 855b5773551235c409bf709528c1290b,
        type: 3}
      propertyPath: m_LocalPosition.x
      value: 0.83
      objectReference: {fileID: 0}
    - target: {fileID: 3375790007620552683, guid: 855b5773551235c409bf709528c1290b,
        type: 3}
      propertyPath: m_LocalPosition.y
      value: -0.0010000098
      objectReference: {fileID: 0}
    - target: {fileID: 3375790007620552683, guid: 855b5773551235c409bf709528c1290b,
        type: 3}
      propertyPath: m_LocalPosition.z
      value: -0.81
      objectReference: {fileID: 0}
    - target: {fileID: 3375790007620552683, guid: 855b5773551235c409bf709528c1290b,
        type: 3}
      propertyPath: m_LocalRotation.x
      value: -0
      objectReference: {fileID: 0}
    - target: {fileID: 3375790007620552683, guid: 855b5773551235c409bf709528c1290b,
        type: 3}
      propertyPath: m_LocalRotation.y
      value: 0.2513649
      objectReference: {fileID: 0}
    - target: {fileID: 3375790007620552683, guid: 855b5773551235c409bf709528c1290b,
        type: 3}
      propertyPath: m_LocalRotation.z
      value: -0
      objectReference: {fileID: 0}
    - target: {fileID: 3375790007620552683, guid: 855b5773551235c409bf709528c1290b,
        type: 3}
      propertyPath: m_LocalRotation.w
      value: 0.9678924
      objectReference: {fileID: 0}
    - target: {fileID: 3375790007620552683, guid: 855b5773551235c409bf709528c1290b,
        type: 3}
      propertyPath: m_RootOrder
      value: 4
      objectReference: {fileID: 0}
    - target: {fileID: 3375790007620552683, guid: 855b5773551235c409bf709528c1290b,
        type: 3}
      propertyPath: m_LocalEulerAnglesHint.x
      value: 0
      objectReference: {fileID: 0}
    - target: {fileID: 3375790007620552683, guid: 855b5773551235c409bf709528c1290b,
        type: 3}
      propertyPath: m_LocalEulerAnglesHint.y
      value: 29.117
      objectReference: {fileID: 0}
    - target: {fileID: 3375790007620552683, guid: 855b5773551235c409bf709528c1290b,
        type: 3}
      propertyPath: m_LocalEulerAnglesHint.z
      value: 0
      objectReference: {fileID: 0}
    - target: {fileID: 3375790007620552683, guid: 855b5773551235c409bf709528c1290b,
        type: 3}
      propertyPath: m_LocalScale.x
      value: 1
      objectReference: {fileID: 0}
    - target: {fileID: 3375790007620552683, guid: 855b5773551235c409bf709528c1290b,
        type: 3}
      propertyPath: m_LocalScale.y
      value: 1
      objectReference: {fileID: 0}
    - target: {fileID: 3375790007620552683, guid: 855b5773551235c409bf709528c1290b,
        type: 3}
      propertyPath: m_LocalScale.z
      value: 1
      objectReference: {fileID: 0}
    m_RemovedComponents: []
  m_SourcePrefab: {fileID: 100100000, guid: 855b5773551235c409bf709528c1290b, type: 3}
--- !u!4 &5983297268093130176 stripped
Transform:
  m_CorrespondingSourceObject: {fileID: 3375790007620552683, guid: 855b5773551235c409bf709528c1290b,
    type: 3}
  m_PrefabInstance: {fileID: 9066245272380166699}
  m_PrefabAsset: {fileID: 0}
--- !u!1001 &9066245272640009451
PrefabInstance:
  m_ObjectHideFlags: 0
  serializedVersion: 2
  m_Modification:
    m_TransformParent: {fileID: 9066245271152074808}
    m_Modifications:
    - target: {fileID: 1766096018520126968, guid: 855b5773551235c409bf709528c1290b,
        type: 3}
      propertyPath: m_Name
      value: Environment_Grass_Model_V1 (10)
      objectReference: {fileID: 0}
    - target: {fileID: 3375790007620552683, guid: 855b5773551235c409bf709528c1290b,
        type: 3}
      propertyPath: m_LocalPosition.x
      value: 1.43
      objectReference: {fileID: 0}
    - target: {fileID: 3375790007620552683, guid: 855b5773551235c409bf709528c1290b,
        type: 3}
      propertyPath: m_LocalPosition.y
      value: -0.0010000098
      objectReference: {fileID: 0}
    - target: {fileID: 3375790007620552683, guid: 855b5773551235c409bf709528c1290b,
        type: 3}
      propertyPath: m_LocalPosition.z
      value: -1.02
      objectReference: {fileID: 0}
    - target: {fileID: 3375790007620552683, guid: 855b5773551235c409bf709528c1290b,
        type: 3}
      propertyPath: m_LocalRotation.x
      value: -0
      objectReference: {fileID: 0}
    - target: {fileID: 3375790007620552683, guid: 855b5773551235c409bf709528c1290b,
        type: 3}
      propertyPath: m_LocalRotation.y
      value: 0.2513649
      objectReference: {fileID: 0}
    - target: {fileID: 3375790007620552683, guid: 855b5773551235c409bf709528c1290b,
        type: 3}
      propertyPath: m_LocalRotation.z
      value: -0
      objectReference: {fileID: 0}
    - target: {fileID: 3375790007620552683, guid: 855b5773551235c409bf709528c1290b,
        type: 3}
      propertyPath: m_LocalRotation.w
      value: 0.9678924
      objectReference: {fileID: 0}
    - target: {fileID: 3375790007620552683, guid: 855b5773551235c409bf709528c1290b,
        type: 3}
      propertyPath: m_RootOrder
      value: 7
      objectReference: {fileID: 0}
    - target: {fileID: 3375790007620552683, guid: 855b5773551235c409bf709528c1290b,
        type: 3}
      propertyPath: m_LocalEulerAnglesHint.x
      value: 0
      objectReference: {fileID: 0}
    - target: {fileID: 3375790007620552683, guid: 855b5773551235c409bf709528c1290b,
        type: 3}
      propertyPath: m_LocalEulerAnglesHint.y
      value: 29.117
      objectReference: {fileID: 0}
    - target: {fileID: 3375790007620552683, guid: 855b5773551235c409bf709528c1290b,
        type: 3}
      propertyPath: m_LocalEulerAnglesHint.z
      value: 0
      objectReference: {fileID: 0}
    - target: {fileID: 3375790007620552683, guid: 855b5773551235c409bf709528c1290b,
        type: 3}
      propertyPath: m_LocalScale.x
      value: 1
      objectReference: {fileID: 0}
    - target: {fileID: 3375790007620552683, guid: 855b5773551235c409bf709528c1290b,
        type: 3}
      propertyPath: m_LocalScale.y
      value: 1
      objectReference: {fileID: 0}
    - target: {fileID: 3375790007620552683, guid: 855b5773551235c409bf709528c1290b,
        type: 3}
      propertyPath: m_LocalScale.z
      value: 1
      objectReference: {fileID: 0}
    m_RemovedComponents: []
  m_SourcePrefab: {fileID: 100100000, guid: 855b5773551235c409bf709528c1290b, type: 3}
--- !u!4 &5983297267833828096 stripped
Transform:
  m_CorrespondingSourceObject: {fileID: 3375790007620552683, guid: 855b5773551235c409bf709528c1290b,
    type: 3}
  m_PrefabInstance: {fileID: 9066245272640009451}
  m_PrefabAsset: {fileID: 0}
--- !u!1001 &9066245273165690492
PrefabInstance:
  m_ObjectHideFlags: 0
  serializedVersion: 2
  m_Modification:
    m_TransformParent: {fileID: 9066245271152074808}
    m_Modifications:
    - target: {fileID: 1766096018520126968, guid: 855b5773551235c409bf709528c1290b,
        type: 3}
      propertyPath: m_Name
      value: Environment_Grass_Model_V1 (9)
      objectReference: {fileID: 0}
    - target: {fileID: 3375790007620552683, guid: 855b5773551235c409bf709528c1290b,
        type: 3}
      propertyPath: m_LocalPosition.x
      value: 1.62
      objectReference: {fileID: 0}
    - target: {fileID: 3375790007620552683, guid: 855b5773551235c409bf709528c1290b,
        type: 3}
      propertyPath: m_LocalPosition.y
      value: -0.001
      objectReference: {fileID: 0}
    - target: {fileID: 3375790007620552683, guid: 855b5773551235c409bf709528c1290b,
        type: 3}
      propertyPath: m_LocalPosition.z
      value: -1.06
      objectReference: {fileID: 0}
    - target: {fileID: 3375790007620552683, guid: 855b5773551235c409bf709528c1290b,
        type: 3}
      propertyPath: m_LocalRotation.x
      value: -0
      objectReference: {fileID: 0}
    - target: {fileID: 3375790007620552683, guid: 855b5773551235c409bf709528c1290b,
        type: 3}
      propertyPath: m_LocalRotation.y
      value: -0
      objectReference: {fileID: 0}
    - target: {fileID: 3375790007620552683, guid: 855b5773551235c409bf709528c1290b,
        type: 3}
      propertyPath: m_LocalRotation.z
      value: -0
      objectReference: {fileID: 0}
    - target: {fileID: 3375790007620552683, guid: 855b5773551235c409bf709528c1290b,
        type: 3}
      propertyPath: m_LocalRotation.w
      value: 1
      objectReference: {fileID: 0}
    - target: {fileID: 3375790007620552683, guid: 855b5773551235c409bf709528c1290b,
        type: 3}
      propertyPath: m_RootOrder
      value: 6
      objectReference: {fileID: 0}
    - target: {fileID: 3375790007620552683, guid: 855b5773551235c409bf709528c1290b,
        type: 3}
      propertyPath: m_LocalEulerAnglesHint.x
      value: 0
      objectReference: {fileID: 0}
    - target: {fileID: 3375790007620552683, guid: 855b5773551235c409bf709528c1290b,
        type: 3}
      propertyPath: m_LocalEulerAnglesHint.y
      value: 77.841
      objectReference: {fileID: 0}
    - target: {fileID: 3375790007620552683, guid: 855b5773551235c409bf709528c1290b,
        type: 3}
      propertyPath: m_LocalEulerAnglesHint.z
      value: 0
      objectReference: {fileID: 0}
    - target: {fileID: 3375790007620552683, guid: 855b5773551235c409bf709528c1290b,
        type: 3}
      propertyPath: m_LocalScale.x
      value: 1
      objectReference: {fileID: 0}
    - target: {fileID: 3375790007620552683, guid: 855b5773551235c409bf709528c1290b,
        type: 3}
      propertyPath: m_LocalScale.y
      value: 1
      objectReference: {fileID: 0}
    - target: {fileID: 3375790007620552683, guid: 855b5773551235c409bf709528c1290b,
        type: 3}
      propertyPath: m_LocalScale.z
      value: 1
      objectReference: {fileID: 0}
    m_RemovedComponents: []
  m_SourcePrefab: {fileID: 100100000, guid: 855b5773551235c409bf709528c1290b, type: 3}
--- !u!4 &5983297268341780887 stripped
Transform:
  m_CorrespondingSourceObject: {fileID: 3375790007620552683, guid: 855b5773551235c409bf709528c1290b,
    type: 3}
  m_PrefabInstance: {fileID: 9066245273165690492}
  m_PrefabAsset: {fileID: 0}
--- !u!1001 &9077804482573691207
PrefabInstance:
  m_ObjectHideFlags: 0
  serializedVersion: 2
  m_Modification:
    m_TransformParent: {fileID: 9066245271152074808}
    m_Modifications:
    - target: {fileID: 1766096018520126968, guid: 855b5773551235c409bf709528c1290b,
        type: 3}
      propertyPath: m_Name
      value: Environment_Grass_Model_V1 (24)
      objectReference: {fileID: 0}
    - target: {fileID: 3375790007620552683, guid: 855b5773551235c409bf709528c1290b,
        type: 3}
      propertyPath: m_LocalPosition.x
      value: -0.6
      objectReference: {fileID: 0}
    - target: {fileID: 3375790007620552683, guid: 855b5773551235c409bf709528c1290b,
        type: 3}
      propertyPath: m_LocalPosition.y
      value: -0.001
      objectReference: {fileID: 0}
    - target: {fileID: 3375790007620552683, guid: 855b5773551235c409bf709528c1290b,
        type: 3}
      propertyPath: m_LocalPosition.z
      value: 0.41
      objectReference: {fileID: 0}
    - target: {fileID: 3375790007620552683, guid: 855b5773551235c409bf709528c1290b,
        type: 3}
      propertyPath: m_LocalRotation.x
      value: -0
      objectReference: {fileID: 0}
    - target: {fileID: 3375790007620552683, guid: 855b5773551235c409bf709528c1290b,
        type: 3}
      propertyPath: m_LocalRotation.y
      value: -0
      objectReference: {fileID: 0}
    - target: {fileID: 3375790007620552683, guid: 855b5773551235c409bf709528c1290b,
        type: 3}
      propertyPath: m_LocalRotation.z
      value: -0
      objectReference: {fileID: 0}
    - target: {fileID: 3375790007620552683, guid: 855b5773551235c409bf709528c1290b,
        type: 3}
      propertyPath: m_LocalRotation.w
      value: 1
      objectReference: {fileID: 0}
    - target: {fileID: 3375790007620552683, guid: 855b5773551235c409bf709528c1290b,
        type: 3}
      propertyPath: m_RootOrder
      value: 21
      objectReference: {fileID: 0}
    - target: {fileID: 3375790007620552683, guid: 855b5773551235c409bf709528c1290b,
        type: 3}
      propertyPath: m_LocalEulerAnglesHint.x
      value: 0
      objectReference: {fileID: 0}
    - target: {fileID: 3375790007620552683, guid: 855b5773551235c409bf709528c1290b,
        type: 3}
      propertyPath: m_LocalEulerAnglesHint.y
      value: 77.841
      objectReference: {fileID: 0}
    - target: {fileID: 3375790007620552683, guid: 855b5773551235c409bf709528c1290b,
        type: 3}
      propertyPath: m_LocalEulerAnglesHint.z
      value: 0
      objectReference: {fileID: 0}
    - target: {fileID: 3375790007620552683, guid: 855b5773551235c409bf709528c1290b,
        type: 3}
      propertyPath: m_LocalScale.x
      value: 1
      objectReference: {fileID: 0}
    - target: {fileID: 3375790007620552683, guid: 855b5773551235c409bf709528c1290b,
        type: 3}
      propertyPath: m_LocalScale.y
      value: 1
      objectReference: {fileID: 0}
    - target: {fileID: 3375790007620552683, guid: 855b5773551235c409bf709528c1290b,
        type: 3}
      propertyPath: m_LocalScale.z
      value: 1
      objectReference: {fileID: 0}
    m_RemovedComponents: []
  m_SourcePrefab: {fileID: 100100000, guid: 855b5773551235c409bf709528c1290b, type: 3}
--- !u!4 &5990878447382671020 stripped
Transform:
  m_CorrespondingSourceObject: {fileID: 3375790007620552683, guid: 855b5773551235c409bf709528c1290b,
    type: 3}
  m_PrefabInstance: {fileID: 9077804482573691207}
  m_PrefabAsset: {fileID: 0}
